option "title" "Eli's Books"
option "operating_currency" "EUR"
option "operating_currency" "CHF"
option "documents" "../Ledger/"

option "render_commas" "True"

option "inferred_tolerance_default" "*:0.05"
option "inferred_tolerance_default" "EUR:0.005" ;
option "inferred_tolerance_default" "CHF:0.05" ;

;2023-01-01 custom "fava-extension" "fava_dashboards" "{
;    'config': '/data/Documents/beancount/dashboards.yaml'
;}"

1988-01-01 custom "fava-option" "auto-reload" "False"
1988-01-01 custom "fava-option" "show-accounts-with-zero-balance" "False"
1988-01-01 custom "fava-option" "show-accounts-with-zero-transactions" "True"
1988-01-01 custom "fava-option" "show-closed-accounts" "False"
;1988-01-01 custom "fava-option" "collapse-pattern" ".*:.*"

include "2021_envelope.beancount"
include "queries.beancount"
include "prices.beancount"


option "insert_pythonpath" "True"

;plugin "beancount.plugins.forecast"
plugin "plugins.recur.forecast" "{'include_forecasts': False}"

; need to be deactivated for the shared budget to display correct numbers
;plugin "plugins.shared_account.split_shared" "{'accounts': ('Assets:Shared:Checking', 'Assets:Shared:Cash', 'Liabilities:Shared:Organisations'),  'to_account': 'Equity:Shared:Partner', 'split': 0.5, 'quantize': '0.01'}"

;include "2021_envelope.beancount"


* fava config


plugin "fava.plugins.link_documents"
; plugin "fava.plugins.tag_discovered_documents"

; Do not open accounts automatically, otherwise use 'open_date': '1988-02-22',
plugin "beancount_share.share" "{
    'mark_name': 'share',
    'meta_name': 'shared',
    'account_debtors': 'Liabilities:Debtors',
    'account_creditors': 'Assets:Receivables:Creditors',
    'open_date': '1988-02-22',
    'quantize': '0.005'
}"

; ; this actually makes the ledger not balance out anymore if we remove this. split + spread just move it to different dates.
plugin "beancount_interpolate.recur" "{
    'aliases_after': ['recurAfter', 'recur'],
    'default_duration': '360',
    'default_step': '30',
    'default_method': 'SL',
    'min_value': 0.05,
    'max_new_tx': 9999,
    'suffix': ' (recur %d/%d)',
    'tag': 'recurred'
}"

;this slows down the journal/editor significantly, espcially if it's on a day to day basis.
;also it messes with the rent amounts, possibly some money is lost or shifted to a different period.
plugin "beancount_interpolate.split" "{
    'aliases_after': ['splitAfter', 'split'],
    'default_duration': 'Year',
    'default_step': 'Month',
    'default_method': 'SL',
    'min_value': 0.05,
    'max_new_tx': 9999,
    'suffix': ' (split %d/%d)',
    'tag': 'splitted'
}"


; plugin "beancount_interpolate.spread" "{
;     'account_income': 'Income',
;     'account_expenses': 'Expenses',
;     'account_assets': 'Assets:Installments',
;     'account_liab': 'Liabilities:Current',
;     'aliases_after': ['spreadAfter', 'spread'],
;     'default_duration': '356',
;     'default_step': '30',
;     'default_method': 'SL',  # Straight Line
;     'min_value': 0.05,  # cannot be smaller than 0.01
;     'max_new_tx': 9999,
;     'suffix': ' (spread %d/%d)',
;     'tag': 'spreaded'
; }"


1988-01-01 open Liabilities:Debtors:DominicRentContrib:Paid
;1988-01-01 open Liabilities:Creditors:Dominic

1988-01-01 custom "fava-option" "import-config" "/home/egetzner/Dev/beancount-envelopes/_config.py"
1988-01-01 custom "fava-option" "import-dirs" "/data/Downloads/Documents/ /home/egetzner/Dropbox/MyExpenses/"

;1988-01-01 custom "fava-option" "auto-reload" "true"


2016-04-14 custom "fava-option" "currency-column" "61" ; this is where Ctrl+D aligns the numbers in the editor

;option "insert_pythonpath" "TRUE"

;plugin "refried.plugins.rebudget"
;2020-01-01 custom "fava-extension" "refried.extensions.avail_ext"

;plugin "refried.plugins.clearing"
;2020-01-01 custom "fava-extension" "refried.extensions.accts_ext"
;2020-01-01 custom "fava-extension" "refried.extensions.journal_ext"

; 2000-01-01 custom "fava-extension" "fava_investor" "{
;   'tlh' : {
;      'account_field': 'account',
;      'accounts_pattern': 'Assets:Investments:Flatex',
;      'loss_threshold': 50,
;      'wash_pattern': 'Assets:Investments:Flatex',
;   },

;   'asset_alloc_by_account': [{
;       'title':            'Allocation by Account',
;       'pattern_type':     'account_name',
;       'pattern':          'Assets:Investments:Flatex:.*',
;   },
;   {
;       'title':            'Allocation by Taxability',
;       'pattern_type':     'account_name',
;       'pattern':          'Assets:Investments:Flatex:[^:]*$',
;       'include_children': True,
;   }],

;   'asset_alloc_by_class' : {
;       'accounts_patterns': ['Assets:.*'],
;   },
; }"

* Accounts
** Equity Accounts
1988-02-22 open Equity:Opening-Balances


1988-02-22 open Assets:Cash:Wallet
    fava-uptodate-indication: TRUE

2016-02-17 open Assets:Shared:Cash EUR
    fava-uptodate-indication: TRUE

1988-02-22 open Assets:Cash:Foreign

*** Shared Account

2006-01-01 open Assets:Receivables:SharedAccounts:Netflix


; Cards:
1988-02-22 open Assets:Wallet:GiftCards
2015-01-01 open Assets:Wallet:IkeaCredit

2016-05-01 open Assets:Wallet:Eurest

2015-11-22 open Assets:Wallet:Cineplexx
    valid-thru: "2027-06-30"
2027-06-30 close Assets:Wallet:Cineplexx

2016-06-01 open Assets:Virtual:AudibleCredits

2016-06-01 price AC                                    9.95 EUR

2018-09-13 open Assets:Wallet:Kinometerbank

2018-09-13 commodity KB ; Kinobesuche
    name: "Moviemento Kinometerbank Kinobesuche"
    asset-class: "non-liquid"

2018-09-13 price KB                                     7.5 EUR

1988-01-01 open Assets:Receivables
2000-01-01 open Assets:Receivables:Returns
2000-01-01 open Assets:Receivables:TaxReturns

; For short-term money lending, i.e. Dominic, friends etc.
;2006-02-17 open Liabilities:Debtors:Dominic
2006-02-17 open Assets:Receivables:Creditors:Dominic  ; for money that Dominic owes to me.


2000-01-01 open Assets:Receivables:Creditors:Albert
2018-01-01 open Liabilities:Debtors:Clemens

;2010-01-01 open Liabilities:Debtors:Phil

2000-01-01 open Liabilities:Taxes:Capital

2005-01-01 open Liabilities:Organisations:Amazon
1988-01-01 open Liabilities:Debtors:Other
2015-01-01 open Assets:Installments:Electricity
2015-01-01 open Assets:Installments:Vermax
2019-01-01 open Liabilities:Organisations:Hotel
2017-01-01 open Assets:Receivables:Reimbursements:Submitted
2021-01-01 open Liabilities:Shared:Organisations

2008-01-01 open Assets:Shared:Temporary
2020-01-01 close Assets:Shared:Temporary


2017-12-15 close Liabilities:Debtors:DominicRent16
2018-12-31 close Liabilities:Debtors:DominicRent17
2019-12-31 close Liabilities:Debtors:DominicRent18
2020-12-31 close Liabilities:Debtors:DominicRent19


2010-01-01 open Assets:Receivables:Employer
2016-01-01 open Liabilities:Organisations:LinzLinien

2015-01-01 open Assets:Receivables:LeaseDeposit

** Bank Accounts

2004-02-11 open Assets:Checking:BankAustria

2014-12-01 pad Assets:Checking:BankAustria Expenses:Misc:Cash ;Equity:Opening-Balances
2014-12-02 balance Assets:Checking:BankAustria      3884.23 EUR
2018-04-08 close Assets:Checking:BankAustria

2006-01-01 open Assets:Investments:BankAustria:Depot
2018-04-02 close Assets:Investments:BankAustria:Depot



2009-12-16 open Assets:Virtual:PayPal
    fava-uptodate-indication: TRUE

2009-12-16 balance Assets:Virtual:PayPal               0.00 EUR
2009-12-16 balance Assets:Virtual:PayPal               0.00 USD

2009-09-01 open Assets:Checking:HypoVlbg

2014-01-01 balance Assets:Checking:HypoVlbg               0 EUR
2014-01-01 close Assets:Checking:HypoVlbg

2017-05-18 open Assets:Savings:Anadi
    interest: 0.14
    base-interest: 0.01
    fava-uptodate-indication: TRUE

2017-09-22 open Assets:Savings:Addiko:Savings
    interest: 0.125
    base-interest: 0.125
    iban: "AT81 5230 0003 0007 0221"
    fava-uptodate-indication: TRUE

2018-01-01 open Assets:Savings:Addiko:Festgeld
    iban: "AT14 5230 0003 0011 8763" ; getting a new iban for every account. also you don't really have any transfer between the dates, so not needed.
    fava-uptodate-indication: TRUE

2017-12-01 open Assets:Checking:DADAT
    iban: "AT74 1919 0000 5502 9888"
    fava-uptodate-indication: TRUE

2017-10-31 open Assets:Savings:DADAT
    iban: "AT54 1919 0000 4310 4777"
    fava-uptodate-indication: TRUE

2018-07-16 open Assets:Checking:ING
    iban: "AT63 1921 0805 1315 9527"
    fava-uptodate-indication: TRUE

2021-08-03 close Assets:Checking:ING

2021-07-28 open Assets:Shared:Checking ; After adding Dominic to the Account, it becomes a separate account.
    iban: "AT63 1921 0805 1315 9527"
    fava-uptodate-indication: TRUE

2018-07-16 open Assets:Savings:ING
    iban: "AT29 1921 0331 3683 2001"
    fava-uptodate-indication: TRUE

2021-01-12 open Assets:Savings:Renault EUR
    interest: 0.130
    base-interest: 0.125
    fava-uptodate-indication: TRUE

2021-12-17 open Assets:Sparkasse:EUR EUR
  iban: "AT052060403102922170"
  bic: "SPFKAT2BXXX"
  fava-uptodate-indication: TRUE

2021-12-07 open Assets:Sparkasse:CHF CHF
  iban: "AT122060403102922238"
  bic: "SPFKAT2BXXX"
  fava-uptodate-indication: TRUE

; to differentiate in the different budgets:
2018-07-18 event "interest" "diba: 1.00%" ; für Neukunden
2018-11-18 event "interest" "diba: 0.05% (↓)"

1988-02-22 open Assets:Retirement:LifeInsurance
    tags: "deduction,want,fix"

** Starting Balances

2018-01-22 balance Assets:Savings:Anadi              376.46 EUR

2018-01-22 balance Assets:Savings:Addiko:Festgeld     11000 EUR
2018-01-22 balance Assets:Savings:Addiko:Savings      10000 EUR
;2018-01-22 balance Assets:Investments:Flatex:Cash               19502 EUR

** PayPal

2009-12-18 T "Überweisung zu PayPal"
    Assets:Checking:BankAustria                         -20 EUR
    Assets:Virtual:PayPal                                20 EUR

2009-12-18 * "Grand Hotel van Cleef GbR" "T-Shirt für Dominic (Kettcar, braun)" #dominic #xmas
    Assets:Virtual:PayPal                            -19.14 EUR
    Expenses:Giving:HolidaySpending

** Trading and Shares

1988-01-01 commodity EUR
    asset-class: "cash"
    price: "CHF:oanda/EUR_CHF CZK:oanda/EUR_CZK USD:oanda/EUR_USD GBP:oanda/EUR_GBP SEK:oanda/EUR_SEK"

2000-01-01 commodity CHF
    asset-class: "cash"
 ;   price: "EUR:oanda/^EUR_CHF"

2000-01-01 commodity CZK
    asset-class: "cash"
  ;  price: "EUR:oanda/^EUR_CZK"

1988-01-01 commodity USD
    asset-class: "cash"
  ;  price: "EUR:oanda/^EUR_USD"

1988-01-01 commodity GBP
    asset-class: "cash"
  ;  price: "EUR:oanda/^EUR_GBP"

1988-01-01 commodity SEK
    asset-class: "cash"
  ;  price: "EUR:oanda/^EUR_SEK"

; for google, look for prices on Frankfurt Stock Exchange (FRA), as Xetra (ETR) is not supported
; for yahoo, the XETRA symbol is *.DE, which should work for both, but may not be supported by beancount.

2015-01-01 commodity WLD
    ;price: "EUR:yahoo/XDWL.DE" ;xtrackers MSCI World Yahoo (DE): XDWL.DE (XETRA)
    asset-class: "stock"
    name: "X(IE)-MSCI WORLD 1D"
    isin: "IE00BK1PV551"
    tracker: "A1XEY2"
    exchange:"XETRA"
     asset_allocation_equity_international: 70


2015-01-01 commodity EM
    ;price: "EUR:yahoo/IQQE.DE"
    asset-class: "stock"
    name: "IS MSCI EM U.ETF USD D"
    wkn: "A0HGWC"
    isin: "IE00B0M63177"
    tracker: "IQQE"
    exchange:"XETRA"
     asset_allocation_equity_international: 30

2000-01-01 commodity KWH
    name: "kWh: Kilowattstunden"

2017-05-01 open Assets:Investments:Flatex EUR

2017-05-01 open Assets:Investments:Flatex:Cash      EUR
    customer-number: "6268567"

2017-05-01 open Assets:Investments:Flatex:WORLD     WLD
2017-05-01 open Assets:Investments:Flatex:EM        EM


** Expenses
;1988-02-22 open Expenses:Fun
1988-02-22 open Expenses:Fun:Activities
1988-02-22 open Expenses:Fun:Books
1988-02-22 open Expenses:Fun:Games
1988-02-22 open Expenses:Fun:Movies
1988-02-22 open Expenses:Fun:Music
1988-02-22 open Expenses:Food:Drinks
1988-02-22 open Expenses:Food:EatingOut
1988-02-22 open Expenses:Food:Groceries
    tags: "need"
    type: "variable"
    budget: "fill"

;1988-02-22 open Expenses:Giving
1988-02-22 open Expenses:Giving:HolidaySpending
1988-02-22 open Expenses:Giving:Charity
1988-02-22 open Expenses:Giving:Gifts
1988-02-22 open Expenses:Giving:Invitations
1988-02-22 open Expenses:Giving:Kids

1988-02-22 open Expenses:Health
    tags: "need"

1988-02-22 open Expenses:Health:Doctor
    tags: "need"

1988-02-22 open Expenses:Health:Therapy
    tags: "need"

1988-02-22 open Expenses:Health:Pharmacy
    tags: "need"

1988-02-22 open Expenses:Insurance:Health
    tags: "deduction,need,fix"

1988-02-22 open Expenses:Insurance:Household
    tags: "need,fix"

1988-02-22 open Expenses:Housing
    tags: "need,variable"
;    budget: "fill"



2015-01-01 open Expenses:Housing:Facilities EUR
    tags: "need,fix"

2021-01-01 open Expenses:Housing:Facilities:Trash EUR
    tags: "need"

2015-01-01 open Expenses:Housing:Facilities:Water EUR
    tags: "need,fix"
2015-01-01 open Expenses:Housing:Facilities:Heating EUR
    tags: "need,fix"
2015-01-01 open Expenses:Housing:Facilities:Sanitation EUR
    tags: "need,fix"

1988-02-22 open Expenses:Housing:Electricity
    tags: "need,fix"

1988-02-22 open Expenses:Housing:Furnishing
1988-02-22 open Expenses:Housing:Appliances

1988-02-22 open Expenses:Bills:Internet
    tags: "need,fix"
1988-02-22 open Expenses:Housing:Laundry
    tags: "need"
1988-02-22 open Expenses:Bills:MobilePhone
    tags: "need,fix"
1988-02-22 open Expenses:Housing:Rent
    tags: "need,fix"
2015-08-01 open Expenses:Housing:Rent:ServiceCost
    tags: "need,fix"

1988-02-22 open Expenses:Fun:TV
    tags: "want,variable"

1988-02-22 open Expenses:Bills:GIS
    tags: "need,fix"

1988-02-22 open Expenses:Housing:Utilities
    tags: "need"
1988-02-22 open Expenses:Bills:VPN
    tags: "want,variable"

2015-01-01 open Expenses:Housing:Deposit
    tags: "need,variable"

2015-01-01 open Expenses:Housing:Moving ; moving related costs go here
    tags: "need,variable"

2015-01-01 open Expenses:Profession:JobApplication
    tags: "need,variable"

;1988-02-22 open Expenses:Misc
1988-02-22 open Expenses:Misc:Cash
    tags: "need,variable" ;since this account could only be booked in the past, where we didn't keep track. 

2018-01-01 close Expenses:Misc:Cash

1988-02-22 open Assets:Cash:PiggyBank ; to put any small savings into
2019-08-01 close Assets:Cash:PiggyBank ; we don't want to keep track of this any longer

1988-02-22 open Expenses:Misc:FinancialExpenses
1988-02-22 open Expenses:Misc:Postage
1988-02-22 open Expenses:Misc:Other
;1988-02-22 open Expenses:PersonalCare
;    type: "variable"
;    budget: "fill"

1988-02-22 open Expenses:PersonalCare:Body
    tags: "need,variable" ;since this account could only be booked in the past, where we didn't keep track. 

1988-02-22 open Expenses:PersonalCare:Period
    tags: "need,variable"

1988-02-22 open Expenses:PersonalCare:Hair
    tags: "want,variable" ;since this account could only be booked in the past, where we didn't keep track. 

1988-02-22 open Expenses:PersonalCare:Sports
    tags: "need,variable" ;since this account could only be booked in the past, where we didn't keep track. 


;1988-02-22 open Expenses:Savings
;    type: "variable"
;    budget: "roll-over"

1988-02-22 open Expenses:Savings:Depot
1988-02-22 open Expenses:Savings:Holiday
1988-02-22 open Expenses:Savings:Longterm

;1988-02-22 open Expenses:Shopping
;    type: "variable"
;    budget: "roll-over"

1988-02-22 open Expenses:Shopping:Clothing
1988-02-22 open Expenses:Shopping:ElectronicsSoftware
1988-02-22 open Expenses:Shopping:Shoes
1988-02-22 open Expenses:Shopping:SportingGoods

1988-02-22 open Expenses:Profession:SchoolFees
    tags: "need"
1988-02-22 open Expenses:Profession:Thesis
    tags: "need"

;1988-02-22 open Expenses:Taxes

1988-02-22 open Expenses:Taxes:Income
    tags: "deduction,fix"
1988-02-22 open Expenses:Taxes:Capital
    tags: "deduction"

1988-02-22 open Expenses:Taxes:ValueAdded
    tags: "need,fix"

1988-02-22 open Expenses:Taxes:Church
    tags: "need,fix"

1988-02-22 open Expenses:Transportation
    tags: "need" ; TODO: inherit tags from parent (but be able to override if necessary)

1989-01-01 close Expenses:Transportation ; don't allow booking to this account, just for management.

1988-02-22 open Expenses:Transportation:Bicycle
    tags: "need"
1988-02-22 open Expenses:Transportation:BusTram
    tags: "need"

1988-02-22 open Expenses:Transportation:Parking
1988-02-22 open Expenses:Transportation:License

;1988-02-22 open Expenses:Travel
1988-02-22 open Expenses:Travel:Lodging
1988-02-22 open Expenses:Travel:Transportation
1988-02-22 open Expenses:Travel:CarRental
1988-02-22 open Expenses:Travel:Misc

** Income

2016-02-15 open Income:Avocodo:Salary
    tags: "fix"

2016-02-15 open Income:Avocodo:Bonus
2016-02-15 open Income:Avocodo:PerDiems

; these should be categorized as windfalls
2015-01-01 open Income:Getzner:Shares
2015-01-01 open Income:Getzner:Dividends

;1988-02-22 open Income:InvestmentIncome
1988-02-22 open Income:InvestmentIncome:Dividend
1988-02-22 open Income:InvestmentIncome:Interest

1988-02-22 open Income:Allowance
    tags: "fix"

1988-02-22 open Income:Inheritance

1988-02-22 open Income:OtherIncome:CashPayment
1988-02-22 open Income:OtherIncome:GiftsReceived
1988-02-22 open Income:OtherIncome:Reselling

2005-01-01 open Income:HolidayJob:Suchard
2010-01-01 open Income:HolidayJob:Getzner
2010-01-01 open Income:HolidayJob:Reiseziel
2011-01-01 open Income:HolidayJob:Schattenburg
2011-01-01 open Income:HolidayJob:Babysitting
2007-01-01 open Income:HolidayJob:AuPair

2011-01-01 open Income:TUGraz:Salary


* Balances
2018-01-30 balance Assets:Checking:BankAustria      2074.06 EUR
2018-01-30 balance Assets:Checking:DADAT             620.61 EUR

2018-02-02 balance Assets:Checking:DADAT            1485.63 EUR
2018-02-06 balance Assets:Checking:BankAustria       729.60 EUR


2018-02-18 balance Assets:Savings:Addiko:Festgeld  11000.00 EUR
2018-02-18 balance Assets:Savings:Addiko:Savings   10974.06 EUR
2018-02-18 balance Assets:Savings:Anadi              626.46 EUR


2020-01-01 open Assets:Installments:Helvetia



* Events
2016-02-15 event "employer" "Avocodo GmbH"

** Customers & Projects
2016-02-15 event "customer" "Fronius"
2016-02-15 event "project" "Lead Management Tool"

2016-04-01 event "customer" "Borealis"
2016-04-01 event "project" "Propagate Batch"

2016-05-01 event "customer" "KTM"
2016-05-01 event "project" "Dealer.Net"

2016-10-01 event "customer" "Borealis"
2016-10-01 event "project" "Ursus2"
2017-05-01 event "project" "Excel Reports"
2017-09-01 event "project" "Pandora"
2018-03-15 event "project" "Service Mode" ; fixing bugs in the above Borealis projects

** Living
;1988-02-22 event "location" "Feldkirch, AT"
;2007-09-01 event "location" "London, UK"
;2008-09-01 event "location" "Graz, AT"
;2015-08-01 event "location" "Linz, AT"

** Life
;2006-02-17 event "life" "Jahrestag Dominic u. Elisabeth"

* Transactions

** 2005

2005-09-01 * "Suchard" "Ferialjob (Fließband)" ^2005
    comment: "KRAFT FOODS ÖSTERREICH"
  Income:HolidayJob:Suchard                        -1065.19 EUR
  Expenses:Insurance:Health                          189.04 EUR
  Expenses:Taxes:Income
  Assets:Checking:BankAustria                        875.42 EUR

;2005-12-30 pad Assets:Checking:BankAustria Expenses:Misc:Cash ; since we don't know where that money went
;2005-12-31 balance Assets:Checking:BankAustria            0 EUR

** 2007

2007-09-01 event "employer" "John Styles & Amanda Vickery" ; Au-Pair

** 2008

2008-09-01 event "employer" "Studium TU Graz"

2008-09-15 * "Manfred Getzner" "Allowance"
  Assets:Checking:BankAustria
  Expenses:Housing:Rent                                 180 EUR
  Income:Allowance                                     -500 EUR

2008-10-15 * "Manfred Getzner" "Allowance"
  Assets:Checking:BankAustria
  Expenses:Housing:Rent                                 180 EUR
  Income:Allowance                                     -500 EUR

2008-11-15 * "Manfred Getzner" "Allowance"
  Assets:Checking:BankAustria
  Expenses:Housing:Rent                                 180 EUR
  Income:Allowance                                     -500 EUR

2008-12-15 * "Manfred Getzner" "Allowance"
  Assets:Checking:BankAustria
  Expenses:Housing:Rent                                 180 EUR
  Income:Allowance                                     -500 EUR

2008-09-15 * "Estimated Expenses" #estimate
    Assets:Checking:BankAustria
    Expenses:Food:Groceries                             125 EUR
    Expenses:Food:EatingOut                              75 EUR
    Expenses:Misc:Cash                                  100 EUR

2008-10-15 * "Estimated Expenses" #estimate
    Assets:Checking:BankAustria
    Expenses:Food:Groceries                             125 EUR
    Expenses:Food:EatingOut                              75 EUR
    Expenses:Misc:Cash                                  100 EUR

2008-11-15 * "Estimated Expenses" #estimate
    Assets:Checking:BankAustria
    Expenses:Food:Groceries                             125 EUR
    Expenses:Food:EatingOut                              75 EUR
    Expenses:Misc:Cash                                  100 EUR

2008-12-15 * "Estimated Expenses" #estimate
    Assets:Checking:BankAustria
    Expenses:Food:Groceries                             125 EUR
    Expenses:Food:EatingOut                              75 EUR
    Expenses:Misc:Cash                                  100 EUR

** 2009

2009-01-15 * "Manfred Getzner" "Allowance"
  Assets:Checking:BankAustria
  Expenses:Housing:Rent                                 180 EUR
  Income:Allowance                                     -500 EUR

2009-02-15 * "Manfred Getzner" "Allowance"
  Assets:Checking:BankAustria
  Expenses:Housing:Rent                                 180 EUR
  Income:Allowance                                     -500 EUR

2009-03-15 * "Manfred Getzner" "Allowance"
  Assets:Checking:BankAustria
  Expenses:Housing:Rent                                 180 EUR
  Income:Allowance                                     -500 EUR

2009-04-15 * "Manfred Getzner" "Allowance"
  Assets:Checking:BankAustria
  Expenses:Housing:Rent                                 180 EUR
  Income:Allowance                                     -500 EUR

2009-05-15 * "Manfred Getzner" "Allowance"
  Assets:Checking:BankAustria
  Expenses:Housing:Rent                                 180 EUR
  Income:Allowance                                     -500 EUR

2009-06-15 * "Manfred Getzner" "Allowance"
  Assets:Checking:BankAustria
  Expenses:Housing:Rent                                 180 EUR
  Income:Allowance                                     -500 EUR

2009-07-15 * "Manfred Getzner" "Allowance"
  Assets:Checking:BankAustria
  Expenses:Housing:Rent                                 180 EUR
  Income:Allowance                                     -500 EUR

2009-08-15 * "Manfred Getzner" "Allowance"
  Assets:Checking:BankAustria
  Expenses:Housing:Rent                                 180 EUR
  Income:Allowance                                     -500 EUR

2009-09-15 * "Manfred Getzner" "Allowance"
  Assets:Checking:BankAustria
  Expenses:Housing:Rent                                 180 EUR
  Income:Allowance                                     -500 EUR

2009-10-15 * "Manfred Getzner" "Allowance"
  Assets:Checking:BankAustria
  Expenses:Housing:Rent                                 180 EUR
  Income:Allowance                                     -500 EUR

2009-11-15 * "Manfred Getzner" "Allowance"
  Assets:Checking:BankAustria
  Expenses:Housing:Rent                                 180 EUR
  Income:Allowance                                     -500 EUR

2009-12-15 * "Manfred Getzner" "Allowance"
  Assets:Checking:BankAustria
  Expenses:Housing:Rent                                 180 EUR
  Income:Allowance                                     -500 EUR

2009-01-15 * "Estimated Expenses" #estimate
    Assets:Checking:BankAustria
    Expenses:Food:Groceries                             125 EUR
    Expenses:Food:EatingOut                              75 EUR
    Expenses:Misc:Cash                                  100 EUR

2009-02-15 * "Estimated Expenses" #estimate
    Assets:Checking:BankAustria
    Expenses:Food:Groceries                             125 EUR
    Expenses:Food:EatingOut                              75 EUR
    Expenses:Misc:Cash                                  100 EUR

2009-03-15 * "Estimated Expenses" #estimate
    Assets:Checking:BankAustria
    Expenses:Food:Groceries                             125 EUR
    Expenses:Food:EatingOut                              75 EUR
    Expenses:Misc:Cash                                  100 EUR

2009-04-15 * "Estimated Expenses" #estimate
    Assets:Checking:BankAustria
    Expenses:Food:Groceries                             125 EUR
    Expenses:Food:EatingOut                              75 EUR
    Expenses:Misc:Cash                                  100 EUR

2009-05-15 * "Estimated Expenses" #estimate
    Assets:Checking:BankAustria
    Expenses:Food:Groceries                             125 EUR
    Expenses:Food:EatingOut                              75 EUR
    Expenses:Misc:Cash                                  100 EUR

2009-06-15 * "Estimated Expenses" #estimate
    Assets:Checking:BankAustria
    Expenses:Food:Groceries                             125 EUR
    Expenses:Food:EatingOut                              75 EUR
    Expenses:Misc:Cash                                  100 EUR

2009-07-15 * "Estimated Expenses" #estimate
    Assets:Checking:BankAustria
    Expenses:Food:Groceries                             125 EUR
    Expenses:Food:EatingOut                              75 EUR
    Expenses:Misc:Cash                                  100 EUR

2009-08-15 * "Estimated Expenses" #estimate
    Assets:Checking:BankAustria
    Expenses:Food:Groceries                             125 EUR
    Expenses:Food:EatingOut                              75 EUR
    Expenses:Misc:Cash                                  100 EUR

2009-09-15 * "Estimated Expenses" #estimate
    Assets:Checking:BankAustria
    Expenses:Food:Groceries                             125 EUR
    Expenses:Food:EatingOut                              75 EUR
    Expenses:Misc:Cash                                  100 EUR

2009-10-15 * "Estimated Expenses" #estimate
    Assets:Checking:BankAustria
    Expenses:Food:Groceries                             125 EUR
    Expenses:Food:EatingOut                              75 EUR
    Expenses:Misc:Cash                                  100 EUR

2009-11-15 * "Estimated Expenses" #estimate
    Assets:Checking:BankAustria
    Expenses:Food:Groceries                             125 EUR
    Expenses:Food:EatingOut                              75 EUR
    Expenses:Misc:Cash                                  100 EUR

2009-12-15 * "Estimated Expenses" #estimate
    Assets:Checking:BankAustria
    Expenses:Food:Groceries                             125 EUR
    Expenses:Food:EatingOut                              75 EUR
    Expenses:Misc:Cash                                  100 EUR


** 2010

2010-07-04 * "VIA3 Communications" "Reiseziel Museum" ^2010
    Income:HolidayJob:Reiseziel                      -70.27 EUR
    Expenses:Insurance:Health                         10.27 EUR
    Assets:Checking:BankAustria                       60.00 EUR

2010-08-01 * "VIA3 Communications" "Reiseziel Museum" ^2010
    Income:HolidayJob:Reiseziel                      -70.27 EUR
    Expenses:Insurance:Health                         10.27 EUR
    Assets:Checking:BankAustria                       60.00 EUR

2010-09-05 * "VIA3 Communications" "Reiseziel Museum" ^2010
    Income:HolidayJob:Reiseziel                      -70.27 EUR
    Expenses:Insurance:Health                         10.27 EUR
    Assets:Checking:BankAustria                       60.00 EUR

2010-10-01 * "Getzner Textil AG" "Ferialjob (IT)" ^2010
  Income:HolidayJob:Getzner                        -1483.64 EUR
  Expenses:Insurance:Health                          218.59 EUR
  Expenses:Taxes:Income                               98.61 EUR
  Assets:Checking:BankAustria

2010-12-31 * "Finanzamt" "Steuerausgleich" ^2010 ^av10
  document: "2010-12-31_A_Bescheid_L1_46_4525302_2010_2012-09-20_2019-03-15-08-48-03-925656.pdf"
  einbringung: 2012-09-07
  checked: 2012-09-20
  Expenses:Taxes:Income                             -120.47 EUR
  Assets:Receivables:TaxReturns

2010-01-15 * "Manfred Getzner" "Allowance"
  Assets:Checking:BankAustria
  Expenses:Housing:Rent                                 200 EUR
  Income:Allowance                                     -530 EUR

2010-02-15 * "Manfred Getzner" "Allowance"
  Assets:Checking:BankAustria
  Expenses:Housing:Rent                                 200 EUR
  Income:Allowance                                     -530 EUR

2010-03-15 * "Manfred Getzner" "Allowance"
  Assets:Checking:BankAustria
  Expenses:Housing:Rent                                 200 EUR
  Income:Allowance                                     -530 EUR

2010-04-15 * "Manfred Getzner" "Allowance"
  Assets:Checking:BankAustria
  Expenses:Housing:Rent                                 200 EUR
  Income:Allowance                                     -530 EUR

2010-05-15 * "Manfred Getzner" "Allowance"
  Assets:Checking:BankAustria
  Expenses:Housing:Rent                                 200 EUR
  Income:Allowance                                     -530 EUR

2010-06-15 * "Manfred Getzner" "Allowance"
  Assets:Checking:BankAustria
  Expenses:Housing:Rent                                 200 EUR
  Income:Allowance                                     -530 EUR

2010-07-15 * "Manfred Getzner" "Allowance"
  Assets:Checking:BankAustria
  Expenses:Housing:Rent                                 200 EUR
  Income:Allowance                                     -530 EUR

2010-08-15 * "Manfred Getzner" "Allowance"
  Assets:Checking:BankAustria
  Expenses:Housing:Rent                                 200 EUR
  Income:Allowance                                     -530 EUR

2010-09-01 * "Moving Costs" #guess #estimate
    comment: "moving together with dominic"
    Assets:Checking:BankAustria                        -350 EUR
    Expenses:Housing:Furnishing

2010-09-15 * "Manfred Getzner" "Allowance"
  Assets:Checking:BankAustria
  Income:Allowance                                     -550 EUR

2010-09-15 * "Dominic Amann" "Miete"
    Assets:Checking:BankAustria                     -237.55 EUR
    Expenses:Housing:Rent

2010-10-01 * "u:book" "Thinkpad T420, mit Dockingstation" #guess
    comment: "would make sense that this was bought here, where we have quite the drop, but it could also be moving costs."
    Assets:Checking:BankAustria                       -1000 EUR
    Expenses:Shopping:ElectronicsSoftware

2010-10-15 * "Manfred Getzner" "Allowance"
  Assets:Checking:BankAustria
  Income:Allowance                                     -550 EUR

2010-10-15 * "Dominic Amann" "Miete"
    Assets:Checking:BankAustria                     -237.55 EUR
    Expenses:Housing:Rent

2010-11-15 * "Manfred Getzner" "Allowance"
  Assets:Checking:BankAustria
  Income:Allowance                                     -550 EUR

2010-11-15 * "Dominic Amann" "Miete"
    Assets:Checking:BankAustria                     -237.55 EUR
    Expenses:Housing:Rent

2010-12-15 * "Manfred Getzner" "Allowance"
  Assets:Checking:BankAustria
  Income:Allowance                                     -550 EUR

2010-12-15 * "Dominic Amann" "Miete"
    Assets:Checking:BankAustria                     -237.55 EUR
    Expenses:Housing:Rent

2010-01-15 * "Estimated Expenses" #estimate
    Assets:Checking:BankAustria
    Expenses:Food:Groceries                             125 EUR
    Expenses:Food:EatingOut                              75 EUR
    Expenses:Misc:Cash                                  100 EUR

2010-02-25 * "HappyFoto" "Fotos von London(?)"
    Assets:Checking:BankAustria                      -18.23 EUR
    Expenses:Misc:Other ; Fun?

2010-02-15 * "Estimated Expenses" #estimate
    Assets:Checking:BankAustria
    Expenses:Food:Groceries                             125 EUR
    Expenses:Food:EatingOut                              75 EUR
    Expenses:Misc:Cash                                  100 EUR

2010-03-15 * "Estimated Expenses" #estimate
    Assets:Checking:BankAustria
    Expenses:Food:Groceries                             125 EUR
    Expenses:Food:EatingOut                              75 EUR
    Expenses:Misc:Cash                                  100 EUR

2010-04-15 * "Estimated Expenses" #estimate
    Assets:Checking:BankAustria
    Expenses:Food:Groceries                             125 EUR
    Expenses:Food:EatingOut                              75 EUR
    Expenses:Misc:Cash                                  100 EUR

2010-05-15 * "Estimated Expenses" #estimate
    Assets:Checking:BankAustria
    Expenses:Food:Groceries                             125 EUR
    Expenses:Food:EatingOut                              75 EUR
    Expenses:Misc:Cash                                  100 EUR

2010-06-15 * "Estimated Expenses" #estimate
    Assets:Checking:BankAustria
    Expenses:Food:Groceries                             125 EUR
    Expenses:Food:EatingOut                              75 EUR
    Expenses:Misc:Cash                                  100 EUR

2010-07-15 * "Estimated Expenses" #estimate
    Assets:Checking:BankAustria
    Expenses:Food:Groceries                             125 EUR
    Expenses:Food:EatingOut                              75 EUR
    Expenses:Misc:Cash                                  100 EUR

2010-08-15 * "Estimated Expenses" #estimate
    Assets:Checking:BankAustria
    Expenses:Food:Groceries                             125 EUR
    Expenses:Food:EatingOut                              75 EUR
    Expenses:Misc:Cash                                  100 EUR

2010-09-15 * "Estimated Expenses" #estimate
    Assets:Checking:BankAustria
    Expenses:Food:Groceries                             125 EUR
    Expenses:Food:EatingOut                              75 EUR
    Expenses:Misc:Cash                                  100 EUR

2010-10-15 * "Estimated Expenses" #estimate
    Assets:Checking:BankAustria
    Expenses:Food:Groceries                             125 EUR
    Expenses:Food:EatingOut                              75 EUR
    Expenses:Misc:Cash                                  100 EUR

2010-11-15 * "Estimated Expenses" #estimate
    Assets:Checking:BankAustria
    Expenses:Food:Groceries                             125 EUR
    Expenses:Food:EatingOut                              75 EUR
    Expenses:Misc:Cash                                  100 EUR

2010-12-15 * "Estimated Expenses" #estimate
    Assets:Checking:BankAustria
    Expenses:Food:Groceries                             125 EUR
    Expenses:Food:EatingOut                              75 EUR
    Expenses:Misc:Cash                                  100 EUR

2011-03-12 pad Assets:Checking:BankAustria Expenses:Misc:Cash ; since we don't know where that money went


** 2011

2011-08-07 * "VIA3 Communications" "Reiseziel Museum" ^2011 #slip
    Income:HolidayJob:Reiseziel                     -114.19 EUR
    Expenses:Insurance:Health                         17.35 EUR
    Expenses:Taxes:Income                             24.84 EUR
    Assets:Checking:HypoVlbg                             72 EUR


2011-09-04 * "VIA3 Communications" "Reiseziel Museum" ^2011 #slip
    Income:HolidayJob:Reiseziel                     -114.19 EUR
    Expenses:Insurance:Health                         17.35 EUR
    Expenses:Taxes:Income                             24.84 EUR
    Assets:Checking:HypoVlbg                             72 EUR

2011-05-11 * "Manfred Getzner" "Erbe Nenni & Erich"
  Assets:Investments:BankAustria:Depot             10000.00 EUR
  Income:Inheritance                              -10000.00 EUR


2011-01-15 * "Manfred Getzner" "Allowance"
  Assets:Checking:BankAustria
  Income:Allowance                                     -550 EUR

2011-01-15 * "Estimated Expenses" #estimate
    Assets:Checking:BankAustria
    Expenses:Food:Groceries                             125 EUR
    Expenses:Food:EatingOut                              75 EUR
    Assets:Cash:Wallet                                  100 EUR


2011-02-15 * "Manfred Getzner" "Allowance"
  Assets:Checking:BankAustria
  Income:Allowance                                     -550 EUR

2011-02-15 * "Estimated Expenses" #estimate
    Assets:Checking:BankAustria                        -310 EUR
    Expenses:Food:Groceries                             125 EUR
    Expenses:Food:EatingOut                              75 EUR
    Assets:Cash:Wallet


2011-03-15 * "Manfred Getzner" "Allowance"
  Assets:Checking:BankAustria                           550 EUR
  Income:Allowance                                     -550 EUR

2011-04-15 * "Manfred Getzner" "Allowance"
  Assets:Checking:BankAustria                           550 EUR
  Income:Allowance                                     -550 EUR

2011-04-15 * "Estimated Expenses" #estimate
    Assets:Checking:BankAustria
    Expenses:Food:Groceries                             125 EUR
    Expenses:Food:EatingOut                              75 EUR
    Expenses:Misc:Cash                                  120 EUR

2011-05-15 * "Manfred Getzner" "Allowance"
  Assets:Checking:BankAustria                           550 EUR
  Income:Allowance                                     -550 EUR

2011-05-15 * "Estimated Expenses" #estimate
    Assets:Checking:BankAustria
    Expenses:Food:Groceries                             125 EUR
    Expenses:Food:EatingOut                              75 EUR
    Assets:Cash:Wallet                                  120 EUR

2011-06-15 * "Manfred Getzner" "Allowance"
    Assets:Checking:BankAustria                         550 EUR
  Income:Allowance                                     -550 EUR

2011-07-15 * "Manfred Getzner" "Allowance"
  Assets:Checking:BankAustria                           550 EUR
  Income:Allowance                                     -550 EUR

2011-07-15 * "Estimated Expenses" #estimate
    Assets:Checking:BankAustria
    Expenses:Food:Groceries                             125 EUR
    Expenses:Food:EatingOut                              75 EUR
    Assets:Cash:Wallet                                  100 EUR


2011-01-15 * "Dominic Amann" "Miete"
    Assets:Checking:BankAustria                     -237.55 EUR
    Expenses:Housing:Rent

2011-02-15 * "Dominic Amann" "Miete"
    Assets:Checking:BankAustria                     -237.55 EUR
    Expenses:Housing:Rent

2011-04-15 * "Dominic Amann" "Miete"
    Assets:Checking:BankAustria                     -237.55 EUR
    Expenses:Housing:Rent

2011-05-15 * "Dominic Amann" "Miete"
    Assets:Checking:BankAustria                     -237.55 EUR
    Expenses:Housing:Rent

2011-07-15 * "Dominic Amann" "Miete"
    Assets:Checking:BankAustria                     -237.55 EUR
    Expenses:Housing:Rent

2011-08-21 * "Dominic Amann" "Miete"
    Assets:Checking:BankAustria                     -237.55 EUR
    Expenses:Housing:Rent

2011-09-15 * "Dominic Amann" "Miete"
    Assets:Checking:BankAustria                     -237.55 EUR
    Expenses:Housing:Rent

2011-10-15 * "Dominic Amann" "Miete"
    Assets:Checking:BankAustria                     -237.55 EUR
    Expenses:Housing:Rent

2011-11-15 * "Dominic Amann" "Miete"
    Assets:Checking:BankAustria                     -237.55 EUR
    Expenses:Housing:Rent

2011-12-15 * "Dominic Amann" "Miete"
    Assets:Checking:BankAustria                     -237.55 EUR
    Expenses:Housing:Rent

2011-08-15 * "Manfred Getzner" "Allowance"
    Assets:Checking:BankAustria                         550 EUR
  Income:Allowance

2011-09-15 * "Manfred Getzner" "Allowance"
  Assets:Checking:BankAustria
  Income:Allowance                                     -550 EUR

2011-09-15 * "Estimated Expenses" #estimate
    Assets:Checking:BankAustria
    Expenses:Food:Groceries                             125 EUR
    Expenses:Food:EatingOut                              75 EUR
    Expenses:Misc:Cash                                  100 EUR

2011-10-15 * "Manfred Getzner" "Allowance"
  Assets:Checking:BankAustria
  Income:Allowance                                     -550 EUR

2011-10-15 * "Estimated Expenses" #estimate
    Assets:Checking:BankAustria
    Expenses:Food:Groceries                             125 EUR
    Expenses:Food:EatingOut                              75 EUR
    Expenses:Misc:Cash                                  100 EUR

2011-11-15 * "Manfred Getzner" "Allowance"
  Assets:Checking:BankAustria
  Income:Allowance                                     -550 EUR

2011-11-15 * "Estimated Expenses" #estimate
    Assets:Checking:BankAustria
    Expenses:Food:Groceries                             125 EUR
    Expenses:Food:EatingOut                              75 EUR
    Expenses:Misc:Cash                                  100 EUR

2011-12-15 * "Manfred Getzner" "Allowance"
  Assets:Checking:BankAustria
  Income:Allowance                                     -550 EUR

2011-12-15 * "Estimated Expenses" #estimate #xmas
    Assets:Checking:BankAustria
    Expenses:Food:Groceries                             125 EUR
    Expenses:Food:EatingOut                              75 EUR
    Expenses:Misc:Cash                                  100 EUR

2011-12-31 * "Finanzamt" "Steuerausgleich" ^2011 ^av11
  document: "2011-12-31_A_Bescheid_L1_46_4525302_2011_2012-09-20_2019-03-15-08-28-43-426656.pdf"
  einbringung: 2012-09-17
  checked: 2012-09-20
  Expenses:Taxes:Income                              -53.00 EUR
  Assets:Receivables:TaxReturns

2011-10-19 * "Donation for Thunderbird Theme"
    theme1: "https://addons.thunderbird.net/de/thunderbird/addon/elementaryhuman-a-humanity-the/"
    theme2: "https://addons.thunderbird.net/de/thunderbird/addon/gnome-linux-integration/"
  Assets:Virtual:PayPal                                3.60 USD
  Income:OtherIncome:GiftsReceived                    -3.60 USD

2011-10-20 balance Assets:Virtual:PayPal               3.60 USD

** 2012

2012-01-31 * "TU Graz" "Gehalt 01/2012 (WS 2011/12)" ^2012
  Income:TUGraz:Salary                              -210.16 EUR
  Expenses:Taxes:Income                                   0 EUR
  Assets:Checking:BankAustria

2012-10-09 * "Sandra Feuerstein" "Reiseziel September 2012" ^2012
  Income:HolidayJob:Reiseziel                       -104.85 EUR
  Expenses:Insurance:Health                           15.93 EUR
  Expenses:Taxes:Income                               21.42 EUR
  Assets:Checking:HypoVlbg

2012-08-07 * "Sandra Feuerstein" "Reiseziel Museum Juli" ^2012 #slip
    day-of-event: 2012-07-01
  Income:HolidayJob:Reiseziel                       -104.85 EUR
  Expenses:Insurance:Health                           15.93 EUR
  Expenses:Taxes:Income                               21.42 EUR
  Assets:Checking:HypoVlbg

2012-09-02 * "Sandra Feuerstein" "Reiseziel Museum August 2012" ^2012
  Income:HolidayJob:Reiseziel                       -104.85 EUR
  Expenses:Insurance:Health                           15.93 EUR
  Expenses:Taxes:Income                               21.42 EUR
  Assets:Checking:HypoVlbg

2012-01-01 balance Assets:Receivables:Employer            0 EUR

2012-10-15 * "TU Graz" "Gehalt 10/2012" #guess
    Assets:Checking:BankAustria                      157.12 EUR
    Assets:Receivables:Employer

2012-11-15 * "TU Graz" "Gehalt 11/2012" #guess
    Assets:Checking:BankAustria                      157.12 EUR
    Assets:Receivables:Employer

2012-12-15 * "TU Graz" "Gehalt 12/2012" #guess
    Assets:Checking:BankAustria                      157.14 EUR
    Assets:Receivables:Employer

2012-12-31 * "TU Graz" "Gehalt 10-12/2012 (WS 2012/13)" ^2012
  Income:TUGraz:Salary                              -471.38 EUR
  Expenses:Taxes:Income                                   0 EUR
  Assets:Receivables:Employer

2013-01-01 balance Assets:Receivables:Employer            0 EUR

2012-09-25 * "Finanzamt" "Arbeitnehmerveranlagung 2010, 2011" ^av10 ^av11
  Assets:Receivables:TaxReturns                     -173.47 EUR
  Assets:Checking:BankAustria

2012-01-15 * "Estimated Expenses" #estimate
    Assets:Checking:BankAustria
    Expenses:Food:Groceries                             125 EUR
    Expenses:Food:EatingOut                              75 EUR
    Expenses:Misc:Cash                                  100 EUR

2012-02-15 * "Estimated Expenses" #estimate
    Assets:Checking:BankAustria
    Expenses:Food:Groceries                             125 EUR
    Expenses:Food:EatingOut                              75 EUR
    Expenses:Misc:Cash                                   70 EUR

2012-06-15 * "Estimated Expenses" #estimate
    Assets:Checking:BankAustria
    Expenses:Food:Groceries                             125 EUR
    Expenses:Food:EatingOut                              75 EUR
    Expenses:Misc:Cash                                  200 EUR

2012-07-15 * "Estimated Expenses" #estimate
    Assets:Checking:BankAustria
    Expenses:Food:Groceries                             125 EUR
    Expenses:Food:EatingOut                              75 EUR ; probably less in summer
    Expenses:Misc:Cash                                  170 EUR

2012-08-15 * "Estimated Expenses" #estimate
    Assets:Checking:BankAustria
    Expenses:Food:Groceries                             125 EUR
    Expenses:Food:EatingOut                              75 EUR
    Expenses:Misc:Cash                                  170 EUR


2012-09-01 pad Assets:Checking:BankAustria Expenses:Misc:Cash
2012-09-05 balance Assets:Checking:BankAustria       556.90 EUR

2012-09-06 * "TU Graz" "Studienbeitrag WS2012"
    Assets:Checking:BankAustria                      -17.50 EUR
    Expenses:Profession:SchoolFees

2012-09-13 * "UPC" "Internet September 2012"
    statement: "2012-09-12_455464802-00.pdf"
    billing-date: 2012-09-07
    Expenses:Bills:Internet
    Assets:Checking:BankAustria                      -26.15 EUR

2012-09-17 * "Manfred Getzner" "Studiengeld"
  Assets:Checking:BankAustria                           550 EUR
  Liabilities:Debtors:Other                            -250 EUR
  Income:Allowance                                     -300 EUR

2012-09-20 * "Dominic Amann" "Miete"
    Assets:Checking:BankAustria                     -237.55 EUR
    Expenses:Housing:Rent

2012-09-21 * "Manfred Getzner" "Studiengeld Sommer Retour"
    Assets:Checking:BankAustria                        -800 EUR
    Liabilities:Debtors:Other

2012-09-22 balance Assets:Checking:BankAustria        25.70 EUR


; Note: these balance statements come from e-mails that we received from BankAustria (weekly)

pushtag #guess

2012-09-01 balance Assets:Cash:Wallet                     0 EUR

; Note: this was originally done with PAD statements, but beancount doesn't like it if there are no postings between pad + balances
2012-09-30 * "Withdrawal"
    Assets:Checking:BankAustria                      -50.35 EUR
    Assets:Cash:Wallet

2012-10-01 balance Assets:Checking:BankAustria       343.82 EUR

2012-10-03 * "Withdrawal"
    Assets:Checking:BankAustria                      -94.59 EUR
    Assets:Cash:Wallet

2012-10-08 balance Assets:Checking:BankAustria       249.23 EUR

2012-10-08 * "Withdrawal"
    Assets:Checking:BankAustria                       -20.9 EUR
    Assets:Cash:Wallet

2012-10-09 balance Assets:Checking:BankAustria       228.33 EUR ; disposaldo

2012-10-15  * "Einzahlung"
    Assets:Checking:BankAustria                       15.17 EUR
    Assets:Cash:Wallet

2012-10-16 balance Assets:Checking:BankAustria       686.92 EUR

2012-10-16  * "Withdrawal"
    Assets:Checking:BankAustria                      -63.20 EUR
    Assets:Cash:Wallet

2012-10-17 balance Assets:Checking:BankAustria       623.72 EUR

2012-10-21  * "Withdrawal"
    Assets:Checking:BankAustria                     -287.23 EUR
    Assets:Cash:Wallet

2012-10-22 balance Assets:Checking:BankAustria       336.49 EUR

2012-10-22 balance Assets:Cash:Wallet                  1.10 EUR

2012-10-31 pad Assets:Cash:Wallet Expenses:Misc:Cash
2012-11-01 balance Assets:Cash:Wallet                     0 EUR

poptag #guess

2012-09-15 * "Estimated Expenses" #estimate
    Assets:Cash:Wallet                                 -250 EUR
    Expenses:Food:Groceries                             125 EUR
    Expenses:Food:EatingOut                              75 EUR
    Expenses:Misc:Cash                                   50 EUR

2012-10-15 * "Estimated Expenses" #estimate
    Assets:Cash:Wallet                                 -250 EUR
    Expenses:Food:Groceries                             125 EUR
    Expenses:Food:EatingOut                              75 EUR
    Expenses:Misc:Cash                                   50 EUR

2012-11-15 * "Estimated Expenses" #estimate
    Assets:Checking:BankAustria
    Expenses:Food:Groceries                             125 EUR
    Expenses:Food:EatingOut                              75 EUR
    Expenses:Misc:Cash                                   40 EUR

2012-12-15 * "Estimated Expenses" #estimate #xmas
    Assets:Checking:BankAustria
    Expenses:Food:Groceries                             100 EUR
    Expenses:Food:EatingOut                              50 EUR
    Assets:Cash:Wallet                                  100 EUR


2012-01-15 * "Manfred Getzner" "Allowance"
  Assets:Checking:BankAustria
  Income:Allowance                                     -550 EUR

2012-02-15 * "Manfred Getzner" "Allowance"
  Assets:Checking:BankAustria
  Income:Allowance                                     -550 EUR

2012-03-15 * "Manfred Getzner" "Studiengeld"
  Assets:Checking:BankAustria
  Income:Allowance                                     -550 EUR

2012-04-16 * "Manfred Getzner" "Studiengeld"
  Assets:Checking:BankAustria
  Income:Allowance                                     -550 EUR

2012-05-15 * "Manfred Getzner" "Studiengeld"
  Assets:Checking:BankAustria
  Income:Allowance                                     -550 EUR

2012-06-15 * "Manfred Getzner" "Allowance"
  Assets:Checking:BankAustria
  Income:Allowance                                     -550 EUR

2012-07-15 * "Manfred Getzner" "Allowance"
  Assets:Checking:BankAustria                           550 EUR
  Liabilities:Debtors:Other                            -250 EUR
  Income:Allowance                                     -300 EUR

2012-08-15 * "Manfred Getzner" "Allowance"
  Assets:Checking:BankAustria                           550 EUR
  Liabilities:Debtors:Other                            -300 EUR
  Income:Allowance                                     -250 EUR

2012-10-15 * "Manfred Getzner" "Allowance"
  Assets:Checking:BankAustria
  Income:Allowance                                     -550 EUR

2012-11-15 * "Manfred Getzner" "Allowance"
  Assets:Checking:BankAustria
  Income:Allowance                                     -550 EUR

2012-12-15 * "Manfred Getzner" "Allowance"
  Assets:Checking:BankAustria
  Income:Allowance                                     -550 EUR

2012-01-15 * "Dominic Amann" "Miete"
    Assets:Checking:BankAustria                     -237.55 EUR
    Expenses:Housing:Rent

2012-02-15 * "Dominic Amann" "Miete"
    Assets:Checking:BankAustria                     -237.55 EUR
    Expenses:Housing:Rent

2012-03-20 * "Dominic Amann" "Miete"
    Assets:Checking:BankAustria                     -237.55 EUR
    Expenses:Housing:Rent

2012-04-20 * "Dominic Amann" "Miete"
    Assets:Checking:BankAustria                     -237.55 EUR
    Expenses:Housing:Rent

2012-05-21 * "Dominic Amann" "Miete"
    Assets:Checking:BankAustria                     -237.55 EUR
    Expenses:Housing:Rent

2012-06-15 * "Dominic Amann" "Miete"
    Assets:Checking:BankAustria                     -237.55 EUR
    Expenses:Housing:Rent

2012-07-15 * "Dominic Amann" "Miete"
    Assets:Checking:BankAustria                     -237.55 EUR
    Expenses:Housing:Rent

2012-08-15 * "Dominic Amann" "Miete"
    Assets:Checking:BankAustria                     -237.55 EUR
    Expenses:Housing:Rent

2012-10-15 * "Dominic Amann" "Miete"
    Assets:Checking:BankAustria                     -237.55 EUR
    Expenses:Housing:Rent

2012-11-15 * "Dominic Amann" "Miete"
    Assets:Checking:BankAustria                     -237.55 EUR
    Expenses:Housing:Rent

2012-12-15 * "Dominic Amann" "Miete"
    Assets:Checking:BankAustria                     -237.55 EUR
    Expenses:Housing:Rent

** neue Kontoauszüge 2012

2012-02-25 pad Assets:Checking:BankAustria Expenses:Misc:Cash
2012-02-27 balance Assets:Checking:BankAustria       367.76 EUR

2012-02-28 * "tele.ring" ""
    Assets:Checking:BankAustria                          -5 EUR
    Expenses:Bills:MobilePhone

2012-03-01 * "Abhebung"
    Assets:Checking:BankAustria                         -50 EUR
    Expenses:Food:Groceries

2012-03-02 * "Gutschrift"
    Assets:Checking:BankAustria                         500 EUR
    Income:OtherIncome:CashPayment

2012-03-08 * "Abhebung"
    Assets:Checking:BankAustria                         -40 EUR
    Expenses:Food:Groceries

2012-03-09 * "Abhebung"
    Assets:Checking:BankAustria                         -30 EUR
    Expenses:Food:Groceries

2012-03-12 * "Theaterservice Graz GmbH" "Die Dreigroschenoper (2x)"
    Assets:Checking:BankAustria                      -33.50 EUR
    Expenses:Fun:Activities

2012-03-16 * "Comparex Austria GmbH" "u:book Webshop"
    comment: "Docking station maybe"
    Assets:Checking:BankAustria                        -126 EUR
    Expenses:Shopping:ElectronicsSoftware

2012-03-19 * "Straßenbahn Graz" "Ticket"
    Assets:Checking:BankAustria                      -11.20 EUR
    Expenses:Transportation:BusTram

2012-03-19 * "BILLA" "Groceries"
    Assets:Checking:BankAustria                      -15.53 EUR
    Expenses:Food:Groceries

2012-03-20 * "Abhebung"
    Assets:Checking:BankAustria                        -100 EUR
    Expenses:Food:Groceries

2012-03-26 * "Abhebung"
    Assets:Checking:BankAustria                         -50 EUR
    Expenses:Food:Groceries

2012-03-27 * "tele.ring" ""
    Assets:Checking:BankAustria                       -6.22 EUR
    Expenses:Bills:MobilePhone

2012-04-02 * "BankAustria" "Habenzinsen"
    Assets:Checking:BankAustria                        0.28 EUR
    Income:InvestmentIncome:Interest

2012-04-02 * "BankAustria" "KEST"
    Assets:Checking:BankAustria                       -0.07 EUR
    Expenses:Taxes:Income

2012-04-02 * "Citypark" "?" #guess
    Assets:Checking:BankAustria                      -10.55 EUR
    Expenses:Shopping:Clothing

2012-04-02 * "SPAR" ""
    Assets:Checking:BankAustria                      -17.29 EUR
    Expenses:Food:Groceries

2012-04-03 * "Abhebung"
    Assets:Checking:BankAustria                         -50 EUR
    Expenses:Food:Groceries

2012-04-02 * "SPAR" ""
    Assets:Checking:BankAustria                       -8.09 EUR
    Expenses:Food:Groceries

2012-04-05 * "Abhebung"
    Assets:Checking:BankAustria                         -30 EUR
    Expenses:Food:Groceries

2012-04-11 * "BankAustria" "DepG 1.Qu 2012"
    Assets:Checking:BankAustria                       -7.31 EUR
    Expenses:Misc:FinancialExpenses

2012-04-11 * "dm" ""
    Assets:Checking:BankAustria                         -43 EUR
    Expenses:PersonalCare:Body

2012-04-18 * "ÖBB" "Feldkirch"
    Assets:Checking:BankAustria                      -29.30 EUR
    Expenses:Travel:Transportation

2012-04-23 * "Abhebung"
    Assets:Checking:BankAustria                         -50 EUR
    Expenses:Food:Groceries

2012-04-24 * "tele.ring" ""
    Assets:Checking:BankAustria                       -6.10 EUR
    Expenses:Bills:MobilePhone

2012-05-03 * "SPAR" ""
    Assets:Checking:BankAustria                      -10.07 EUR
    Expenses:Food:Groceries

2012-05-03 * "Abhebung"
    Assets:Checking:BankAustria                         -50 EUR
    Expenses:Food:Groceries

2012-05-07 * "Lutz" ""
    Assets:Checking:BankAustria                         -40 EUR
    Expenses:Housing:Furnishing

2012-05-08 * "Abhebung"
    Assets:Checking:BankAustria                         -30 EUR
    Expenses:Food:Groceries

2012-05-09 * "Straßenbahn Graz" "Ticket"
    Assets:Checking:BankAustria                        -4.2 EUR
    Expenses:Transportation:BusTram

2012-05-14 * "Abhebung"
    Assets:Checking:BankAustria                         -30 EUR
    Expenses:Food:Groceries

2012-05-15 * "Abhebung"
    Assets:Checking:BankAustria                         -50 EUR
    Expenses:Food:Groceries

2012-05-16 * "Wertpapier-Kuponabrechnung"
    Assets:Checking:BankAustria                      196.88 EUR
    Income:InvestmentIncome:Dividend

2012-05-25 * "BIPA" ""
    Assets:Checking:BankAustria                      -27.21 EUR
    Expenses:PersonalCare:Body

2012-05-25 * "Abhebung"
    Assets:Checking:BankAustria                         -40 EUR
    Expenses:Food:Groceries

2012-05-29 balance Assets:Checking:BankAustria       926.93 EUR

** 2013


2013-01-15 * "TU Graz" "Gehalt 01/2013" #guess
    Assets:Checking:BankAustria                       87.53 EUR
    Assets:Receivables:Employer

2013-03-15 * "TU Graz" "Gehalt 03/2013" #statement
    Assets:Checking:BankAustria                      142.41 EUR
    Assets:Receivables:Employer

2013-01-01 * "TU Graz" "Gehalt 01-04/2013 (WS 2012/13, SS 13)" ^2013 #todo
  Income:TUGraz:Salary                              -546.46 EUR
  Expenses:Insurance:Health                               0 EUR
  Expenses:Taxes:Income                                   0 EUR
  Assets:Receivables:Employer

2013-07-01 * "Sandra Feuerstein" "Kinder in die Mitte" ^2013
  Income:HolidayJob:Reiseziel                       -104.85 EUR
  Expenses:Insurance:Health                           15.93 EUR
  Expenses:Taxes:Income                               21.42 EUR
  Assets:Checking:HypoVlbg

2013-08-05 * "Sandra Feuerstein" "Kinder in die Mitte" ^2013
  Income:HolidayJob:Reiseziel                       -104.85 EUR
  Expenses:Insurance:Health                           15.93 EUR
  Expenses:Taxes:Income                               21.42 EUR
  Assets:Checking:HypoVlbg

2013-09-02 * "Sandra Feuerstein" "Kinder in die Mitte" ^2013 #slip
  Income:HolidayJob:Reiseziel                       -104.85 EUR
  Expenses:Insurance:Health                           15.93 EUR
  Expenses:Taxes:Income                               21.42 EUR
  Assets:Checking:HypoVlbg

2013-11-15 * "TU Graz" "Gehalt 11/2013" ^2013
    Assets:Checking:BankAustria                         902.36/2 EUR
    Assets:Receivables:Employer

2013-12-15 * "TU Graz" "Gehalt 12/2013" ^2013
    Assets:Checking:BankAustria                         902.36/2 EUR
    Assets:Receivables:Employer

2013-12-31 * "TU Graz" "Gehalt 11-12/2013 (WS 2013/14)" ^2013
  Income:TUGraz:Salary                             -1064.17 EUR
  Expenses:Insurance:Health                          161.81 EUR
  Expenses:Taxes:Income                                   0 EUR
  Assets:Receivables:Employer

2014-01-01 balance Assets:Receivables:Employer            0 EUR

2013-01-15 * "Manfred Getzner" "Allowance"
  Assets:Checking:BankAustria
  Income:Allowance                                     -550 EUR

2013-02-14 * "Manfred Getzner" "Allowance"
  Assets:Checking:BankAustria
  Income:Allowance                                     -550 EUR

2013-03-15 * "Manfred Getzner" "Studiengeld"
  Assets:Checking:BankAustria
  Income:Allowance                                     -550 EUR

2013-04-15 * "Manfred Getzner" "Studiengeld"
  Assets:Checking:BankAustria
  Income:Allowance                                     -550 EUR

2013-05-15 * "Manfred Getzner" "Studiengeld"
  Assets:Checking:BankAustria
  Income:Allowance                                     -550 EUR

2013-01-15 * "Estimated Expenses" #estimate
    Assets:Checking:BankAustria
    Expenses:Food:Groceries                             100 EUR
    Expenses:Food:EatingOut                              50 EUR
    Expenses:Misc:Cash                                   40 EUR
    Assets:Cash:Wallet                                   50 EUR


2013-02-15 * "Estimated Expenses" #estimate
    Assets:Cash:Wallet
    Expenses:Food:Groceries                             100 EUR
    Expenses:Food:EatingOut                              50 EUR


2013-02-16 balance Assets:Cash:Wallet                     0 EUR

2013-07-15 * "Estimated Expenses" #estimate
    Assets:Checking:BankAustria
    Expenses:Food:Groceries                              25 EUR
    Expenses:Food:EatingOut                              25 EUR
    Expenses:Misc:Cash                                   50 EUR


2013-08-15 * "Estimated Expenses" #estimate
    Assets:Checking:BankAustria
    Expenses:Food:Groceries                             125 EUR
    Expenses:Food:EatingOut                              75 EUR
    Expenses:Misc:Cash                                   50 EUR

2013-09-15 * "Estimated Expenses" #estimate
    Assets:Checking:BankAustria
    Expenses:Food:Groceries                             125 EUR
    Expenses:Food:EatingOut                              75 EUR
    Expenses:Misc:Cash                                   50 EUR


2013-10-15 * "Estimated Expenses" #estimate
    Assets:Checking:BankAustria
    Expenses:Food:Groceries                             125 EUR
    Expenses:Food:EatingOut                              75 EUR
    Expenses:Misc:Cash                                   50 EUR

2013-11-15 * "Estimated Expenses" #estimate
    Assets:Checking:BankAustria
    Expenses:Food:Groceries                             125 EUR
    Expenses:Food:EatingOut                              75 EUR
    Expenses:Misc:Cash                                  300 EUR

2013-12-15 * "Estimated Expenses" #estimate
    Assets:Checking:BankAustria
    Expenses:Food:Groceries                             125 EUR
    Expenses:Food:EatingOut                              75 EUR
    Expenses:Misc:Cash                                  350 EUR

2013-07-15 * "Manfred Getzner" "Allowance"
  Assets:Checking:BankAustria
  Income:Allowance                                     -550 EUR

2013-08-15 * "Manfred Getzner" "Allowance"
  Assets:Checking:BankAustria
  Income:Allowance                                     -550 EUR

2013-09-15 * "Manfred Getzner" "Allowance"
  Assets:Checking:BankAustria
  Income:Allowance                                     -550 EUR

2013-10-15 * "Manfred Getzner" "Allowance"
  Assets:Checking:BankAustria
  Income:Allowance                                     -550 EUR

2013-11-15 * "Manfred Getzner" "Allowance"
  Assets:Checking:BankAustria
  Income:Allowance                                     -550 EUR

2014-08-01 * "Tante Lore" "Geldgeschenk"
    comment: "Card says Nov'13, but from the balances it fits better in 2014"
    received: 2013-12-01
    Assets:Checking:BankAustria                        2000 EUR
    Income:Inheritance

2013-12-15 * "Manfred Getzner" "Allowance"
  Assets:Checking:BankAustria
  Income:Allowance                                     -550 EUR

2013-01-15 * "Dominic Amann" "Miete"
    Assets:Checking:BankAustria                     -237.55 EUR
    Expenses:Housing:Rent

2013-02-20 * "Dominic Amann" "Miete"
    Assets:Checking:BankAustria                     -237.55 EUR
    Expenses:Housing:Rent

2013-03-20 * "Dominic Amann" "Miete"
    Assets:Checking:BankAustria                     -237.55 EUR
    Expenses:Housing:Rent

2013-04-22 * "Dominic Amann" "Miete"
    Assets:Checking:BankAustria                     -237.55 EUR
    Expenses:Housing:Rent

2013-07-15 * "Dominic Amann" "Miete"
    Assets:Checking:BankAustria                     -237.55 EUR
    Expenses:Housing:Rent

2013-08-15 * "Dominic Amann" "Miete"
    Assets:Checking:BankAustria                     -237.55 EUR
    Expenses:Housing:Rent

2013-09-15 * "Dominic Amann" "Miete"
    Assets:Checking:BankAustria                     -237.55 EUR
    Expenses:Housing:Rent

2013-10-15 * "Dominic Amann" "Miete"
    Assets:Checking:BankAustria                     -237.55 EUR
    Expenses:Housing:Rent

2013-11-15 * "Dominic Amann" "Miete"
    Assets:Checking:BankAustria                     -237.55 EUR
    Expenses:Housing:Rent

2013-12-15 * "Dominic Amann" "Miete"
    Assets:Checking:BankAustria                     -237.55 EUR
    Expenses:Housing:Rent

** 2014

2014-01-15 * "Manfred Getzner" "Allowance"
  Assets:Checking:BankAustria
  Income:Allowance                                     -550 EUR

2014-02-15 * "Manfred Getzner" "Allowance"
  Assets:Checking:BankAustria
  Income:Allowance                                     -550 EUR

2014-03-15 * "Manfred Getzner" "Allowance"
  Assets:Checking:BankAustria
  Income:Allowance                                     -550 EUR

2014-01-15 * "Estimated Expenses" #estimate
    Assets:Checking:BankAustria
    Expenses:Food:Groceries                             125 EUR
    Expenses:Food:EatingOut                              75 EUR
    Expenses:Misc:Cash                                  250 EUR

2014-02-15 * "Estimated Expenses" #estimate
    Assets:Checking:BankAustria
    Expenses:Food:Groceries                             125 EUR
    Expenses:Food:EatingOut                              75 EUR
    Expenses:Misc:Cash                                  275 EUR

2014-03-15 * "Estimated Expenses" #estimate
    Assets:Checking:BankAustria
    Expenses:Food:Groceries                             125 EUR
    Expenses:Food:EatingOut                              75 EUR
    Expenses:Misc:Cash                                  250 EUR

2014-03-30 * "Estimated Expenses" #estimate
    Assets:Checking:BankAustria                        -140 EUR
    Assets:Cash:Wallet

2014-03-24 * "Butinette" "Kapuzenbadetuch, Stickhandtuch, Waschhandschuh" #bruno
    Assets:Checking:BankAustria                      -33.35 EUR
    Expenses:Giving:Gifts

; Rechnungen gefunden, aber keine Kontoauszüge, daher kein Balance

2014-07-04 * "Tally Weijl" "Woven laced tan, Neon fuscia pink"
    Expenses:Shopping:Clothing                         6.99 EUR
    Assets:Cash:Wallet                                -6.99 EUR

2014-07-04 * "New Yorker" "T-Shirts für Lismaries Junggesellenabschied" #henparty
    Assets:Checking:BankAustria                      -54.45 EUR
    Liabilities:Debtors:Other                         54.45 EUR

2014-07-04 * "C&A Moder" "T-Shirts für Lismaries Junggesellenabschied" #henparty
    Liabilities:Debtors:Other                          4.50 EUR
    Assets:Cash:Wallet                                -4.50 EUR

2014-07-12 * "dm" "Weleda Feuchtigkeitspflege, Lippenbalsam, Wattepads"
    Expenses:PersonalCare:Body                        13.95 EUR ; Weleda Creme
    Expenses:PersonalCare:Body                         4.95 EUR ; Catrice Pure Shine Lib Balm
    Expenses:PersonalCare:Body                         0.85 EUR ; Wattepads
    Assets:Cash:Wallet                               -19.75 EUR

2014-08-01 * "Lismarie Jungesellenabschied"
    Liabilities:Debtors:Other                        -58.95 EUR
    Assets:Checking:BankAustria

2014-08-02 balance Liabilities:Debtors:Other              0 EUR ; Lismarie Hen Party done.

2014-07-15 * "Manfred Getzner" "Allowance"
  Assets:Checking:BankAustria
  Income:Allowance                                     -550 EUR

2014-07-15 * "Estimated Expenses (less because summer)" #estimate
    Assets:Checking:BankAustria
    Expenses:Food:Groceries                             100 EUR
    Expenses:Misc:Cash                                   50 EUR

2014-01-15 * "Dominic Amann" "Miete"
    Assets:Checking:BankAustria                     -237.55 EUR
    Expenses:Housing:Rent

2014-02-15 * "Dominic Amann" "Miete"
    Assets:Checking:BankAustria                     -237.55 EUR
    Expenses:Housing:Rent

2014-03-15 * "Dominic Amann" "Miete"
    Assets:Checking:BankAustria                     -237.55 EUR
    Expenses:Housing:Rent

2014-07-15 * "Dominic Amann" "Miete"
    Assets:Checking:BankAustria                     -237.55 EUR
    Expenses:Housing:Rent

2014-08-15 * "Dominic Amann" "Miete"
    Assets:Checking:BankAustria                     -237.55 EUR
    Expenses:Housing:Rent

2014-09-15 * "Dominic Amann" "Miete"
    Assets:Checking:BankAustria                     -237.55 EUR
    Expenses:Housing:Rent

2014-10-15 * "Dominic Amann" "Miete"
    Assets:Checking:BankAustria                     -237.55 EUR
    Expenses:Housing:Rent

2014-11-15 * "Dominic Amann" "Miete"
    Assets:Checking:BankAustria                     -237.55 EUR
    Expenses:Housing:Rent

2014-08-06 * "Spielzeugschachtel" "Bruno Geschenk (Nachzieh-Schnecke, Rennautos)" #bruno
    Assets:Checking:BankAustria                      -29.25 EUR
    Expenses:Giving:Kids                              23.95 EUR ; Schnecke
    Expenses:Giving:Kids                               5.30 EUR ; Autos

2014-08-15 * "Manfred Getzner" "Allowance"
  Assets:Checking:BankAustria
  Income:Allowance                                     -550 EUR

2014-09-15 * "Manfred Getzner" "Allowance"
  Assets:Checking:BankAustria
  Income:Allowance                                     -550 EUR

2014-10-15 * "Manfred Getzner" "Allowance"
  Assets:Checking:BankAustria
  Income:Allowance                                     -550 EUR

2014-11-15 * "Manfred Getzner" "Allowance"
  Assets:Checking:BankAustria
  Income:Allowance                                     -550 EUR

2014-09-01 * "Summer Job" #estimate #unknown
    comment: "Vielleicht: Reiseziel Museum, Aufsicht in Schatzkammer"
    Assets:Checking:BankAustria                         500 EUR
    Income:HolidayJob:Schattenburg

2014-08-15 * "Estimated Expenses (less because summer)" #estimate
    Assets:Checking:BankAustria
    Expenses:Food:Groceries                             100 EUR
    Expenses:Food:EatingOut                              50 EUR
    Assets:Cash:Wallet                                  100 EUR

2014-09-15 * "Estimated Expenses" #estimate
    Assets:Checking:BankAustria
    Expenses:Food:Groceries                             125 EUR
    Expenses:Food:EatingOut                              75 EUR

2014-10-15 * "Estimated Expenses" #estimate
    Assets:Checking:BankAustria
    Expenses:Food:Groceries                             125 EUR
    Expenses:Food:EatingOut                              75 EUR
    Expenses:Misc:Cash                                  100 EUR

2014-11-04 * "ÖBB" "Graz - Feldkirch"
    date-of-booking: 2014-10-22
    Assets:Checking:BankAustria                         -29 EUR
    Expenses:Travel:Transportation                       29 EUR

2014-11-08 * "ÖBB" "Feldkirch - Graz"
    date-of-booking: 2014-10-22
    Assets:Checking:BankAustria                         -29 EUR
    Expenses:Travel:Transportation                       29 EUR

2014-11-15 * "Estimated Expenses" #estimate
    Assets:Checking:BankAustria                        -200 EUR
    Expenses:Food:Groceries                             125 EUR
    Expenses:Food:EatingOut                              75 EUR

2014-12-15 * "Estimated Expenses" #estimate
    Assets:Cash:Wallet                                 -240 EUR
    Expenses:Food:Groceries                             100 EUR
    Expenses:Misc:Cash                                  140 EUR


2014-01-15 * "TU Graz" "Gehalt 01/2014" ^2014
    Assets:Checking:BankAustria                         919.76/2 EUR
    Assets:Receivables:Employer

2014-02-15 * "TU Graz" "Gehalt 02/2014" ^2014
    Assets:Checking:BankAustria                         919.76/2 EUR
    Assets:Receivables:Employer

2014-02-28 * "TU Graz" "Gehalt 01-02/2014 (WS 2013/14)" ^2014
  Income:TUGraz:Salary                             -1084.76 EUR
  Expenses:Insurance:Health                             165 EUR
  Expenses:Taxes:Income                                   0 EUR
  Assets:Receivables:Employer

2014-03-01 balance Assets:Receivables:Employer            0 EUR

2014-12-05 * "dm" ""
  Assets:Checking:BankAustria                        -21.53 EUR
  Expenses:PersonalCare:Body                          21.53 EUR

2014-12-11 * "tele.ring" ""
  comment: "SEPA-Lastschrift a/Deutsche Telekom AG"
  Assets:Checking:BankAustria                        -10.40 EUR
  Expenses:Bills:MobilePhone                          10.40 EUR

2014-12-12 * "TU Graz" "Gehalt 11-12/2014" ^2014 #guess
    comment: "Unclear if this comes froma reputable source (with date stamp (bank statement)) or is just an estimate"
  Income:TUGraz:Salary                              -869.19 EUR
  Expenses:Insurance:Health                               0 EUR
  Expenses:Taxes:Income                                   0 EUR
  Assets:Checking:BankAustria

2014-12-15 * "Dominic Amann" "Miete"
  comment: "DA-NR.: 00002366987 zG/ Dominic Amann"
  Assets:Checking:BankAustria                       -237.55 EUR
  Expenses:Housing:Rent                              237.55 EUR

2014-12-15 * "Manfred Getzner" "Studiengeld"
  comment: "Gutschrift a/Prok. Manfred A. Getzner"
  Assets:Checking:BankAustria                        550.00 EUR
  Income:Allowance                                  -550.00 EUR

2014-12-16 * "Media Markt" "" #unknown
  comment: "MEDIA DANKT  0027  K3 16.12.UM 17.36"
  bill: "UNI.Lieblingsfarben UN"
  Assets:Checking:BankAustria                        -16.99 EUR
  Expenses:Shopping:ElectronicsSoftware               16.99 EUR

2014-12-17 * "Gungl" "Spielzeug" #bruno #xmas
  Assets:Checking:BankAustria                        -10.99 EUR
  Expenses:Giving:HolidaySpending                     10.99 EUR

2014-12-17 * "Hervis" "VIVA Green 0.75l Flasche" #friends #xmas
    comment: "Trinkflasche für Patrick"
  Assets:Checking:BankAustria                        -14.99 EUR
  Expenses:Giving:HolidaySpending                     14.99 EUR

2014-12-17 * "Kastner & Öhler" "Krawatte"
  comment: "8041 KASTNER 1012P K3 16.12.UM 17.44"
  Assets:Checking:BankAustria                        -24.99 EUR
  Expenses:Shopping:Clothing                          24.99 EUR

2014-12-17 * "UPC" "Internet" #shared
  comment: "SEPA-Lastschrift a/UPC DSL Telekom GmbH"
  Assets:Checking:BankAustria                        -28.04 EUR
  Expenses:Bills:Internet                             28.04 EUR

2014-12-17 * "Amazon" "Eichhorn Motorikschleife Farm/Wildnis" #family
  comment: "SEPA-Lastschrift a/AMAZON EU S.A.R.L."
  Assets:Checking:BankAustria                        -14.80 EUR
  Expenses:Giving:HolidaySpending                     14.80 EUR

2014-12-18 T 
  comment: "AUTOMAT   20920064 K3 18.12.UM 21.58     O"
  Assets:Checking:BankAustria                        -50.00 EUR
  Assets:Cash:Wallet                                  50.00 EUR

2014-12-18 * "BILLA" ""
  Assets:Checking:BankAustria                        -19.28 EUR
  Expenses:Food:Groceries                             19.28 EUR

2014-12-18 * "Graz Straßenbahn" ""
  Assets:Checking:BankAustria                         -2.10 EUR
  Expenses:Transportation:BusTram                      2.10 EUR

2014-12-19 * "Kastner & Öhler" ""
  comment: "8021 KASTNER 4009P K3 18.12.UM 10.52"
  Assets:Checking:BankAustria                        -15.90 EUR
  Expenses:Shopping:Clothing                          15.90 EUR

2014-12-19 * "H&M" "Rock"
  comment: "AT    15,00 MAESTRO POS 18.12.14 12.11K3 O H&M Graz Eisernes Tor  Graz          8010"
  Assets:Checking:BankAustria                        -15.00 EUR
  Expenses:Shopping:Clothing                          15.00 EUR

2014-12-19 * "Amazon" "Mitmach Buch (Herve Tullet) (★★★★★)" #bruno #xmas
  comment: "voller Erfolg, wird immer noch (4 Jahre später) gern gelesen"
  Assets:Checking:BankAustria                        -12.29 EUR
  Expenses:Giving:Kids                                12.29 EUR

2014-12-22 * "Blumenegg Apotheke" "Ibuprofen, Pille (YAZ)" #pill
    Assets:Cash:Wallet                               -54.25 EUR
    Expenses:Health:Pharmacy                           7.85 EUR ; Ibuprofen Genericon, 50 stk, 400 mg
    Expenses:Health:Pharmacy                          46.40 EUR ; YAZ 0.02mg/3mg, 84 stk

2014-12-23 * "Buchhandlung Pröll" "Kinderbuch"
  Assets:Checking:BankAustria                        -13.40 EUR
  Expenses:Fun:Books                                  13.40 EUR

2014-12-23 T 
  comment: "ABHEBUNG AUTOMAT NR. 50905 AM 23.12. UM 10.42 UHR Feldkirch PK BANKCARD 3"
  Assets:Checking:BankAustria                        -60.00 EUR
  Assets:Cash:Wallet                                  60.00 EUR

2014-12-23 * "dm" "Duschgel, Kaltwachsstreifen, Labello, Zahnpasta + Zahnseide, Geschenkspapier"
  Assets:Checking:BankAustria                        -15.20 EUR
  Expenses:PersonalCare:Body                          15.20 EUR

2014-12-23 * "C&A" ""
  comment: "MODE 309 1309P K3 22.12.UM 11.09"
  Assets:Checking:BankAustria                         -9.00 EUR
  Expenses:Shopping:Clothing                           9.00 EUR

2014-12-29 * "Spielewelt" "Werkzeug-Bagger" #bruno #xmas
  Assets:Checking:BankAustria                        -29.99 EUR
  Expenses:Giving:HolidaySpending                     29.99 EUR

2014-12-31 * "25,00 % KESt"
  Assets:Checking:BankAustria                         -0.34 EUR
  Expenses:Taxes:Capital                               0.34 EUR

2014-12-31 * "HABENZINSEN"
  Assets:Checking:BankAustria                          1.34 EUR
  Income:InvestmentIncome:Interest                    -1.34 EUR

2014-12-31 * "Estimated expenses" #estimate
  Assets:Cash:Wallet                                   -110+54.25 EUR ; Rechnung nachgetragen
  Expenses:Food:Groceries


** 2015

2015-01-01 balance Assets:Cash:Wallet                     0 EUR

2015-01-05 * "ÖBB" ""
  comment: "SEPA-Lastschrift a/HOBEX AG"
  Assets:Checking:BankAustria                        -58.00 EUR
  Expenses:Travel:Transportation                      58.00 EUR

2015-01-14 * "TU Graz" "Gehalt 01/2015" ^2015
  Income:TUGraz:Salary                              -379.52 EUR
  Expenses:Taxes:Income                                   0 EUR
  Expenses:Insurance:Health                               0 EUR
  Assets:Checking:BankAustria                        379.52 EUR

2015-01-15 * "Dominic Amann" ""
  comment: "DA-NR.: 00002366987 zG/ Dominic Amann"
  Assets:Checking:BankAustria                       -237.55 EUR
  Expenses:Housing:Rent                              237.55 EUR

2015-01-15 * "Manfred Getzner" "Studiengeld"
  comment: "Gutschrift a/Prok. Manfred A. Getzner"
  Assets:Checking:BankAustria                        550.00 EUR
  Income:Allowance                                  -550.00 EUR

2015-01-16 * "50131 349 701 DepG 4.Qu 2014"
  Assets:Checking:BankAustria                         -7.88 EUR
  Expenses:Misc:FinancialExpenses                      7.88 EUR

2015-01-19 * "UPC" "Internet" #shared
  comment: "SEPA-Lastschrift a/UPC DSL Telekom GmbH"
  Assets:Checking:BankAustria                        -28.04 EUR
  Expenses:Bills:Internet                             28.04 EUR

2015-01-21 * "SPAR" ""
  comment: "AT    12,94 MAESTRO POS 20.01.15 15.54K3 O SPAR DANKT 5046        GRAZ          8010"
  Assets:Checking:BankAustria                        -12.94 EUR
  Expenses:Food:Groceries                             12.94 EUR

2015-01-22 * "tele.ring" ""
  comment: "SEPA-Lastschrift a/Deutsche Telekom AG"
  Assets:Checking:BankAustria                        -10.40 EUR
  Expenses:Bills:MobilePhone                          10.40 EUR

2015-01-26 T 
  comment: "AUTOMAT   00006142 K3 26.01.UM 12.02     O"
  Assets:Checking:BankAustria                        -70.00 EUR
  Assets:Cash:Wallet                                  70.00 EUR

2015-01-26 * "SPAR" ""
  comment: "AT    11,12 MAESTRO POS 23.01.15 15.30K3 O SPAR DANKT 5046        GRAZ          8010"
  Assets:Checking:BankAustria                        -11.12 EUR
  Expenses:Food:Groceries                             11.12 EUR

2015-01-29 T 
  comment: "AUTOMAT   00081073 K3 29.01.UM 10.45     O"
  Assets:Checking:BankAustria                        -50.00 EUR
  Assets:Cash:Wallet                                  50.00 EUR

2015-02-04 T 
  comment: "AUTOMAT   00022322 K3 04.02.UM 22.20     O"
  Assets:Checking:BankAustria                        -50.00 EUR
  Assets:Cash:Wallet                                  50.00 EUR

2015-02-05 * "Mango" ""
  Assets:Checking:BankAustria                        -25.90 EUR
  Expenses:Shopping:Clothing                          25.90 EUR

2015-02-05 * "H&M" ""
  comment: "AT    19,99 MAESTRO POS 04.02.15 15.12K3 O H&M Graz Eisernes Tor  Graz          8010"
  Assets:Checking:BankAustria                        -19.99 EUR
  Expenses:Shopping:Clothing                          19.99 EUR

2015-02-11 * "ÖBB" ""
  comment: "SEPA-Lastschrift a/HOBEX AG"
  Assets:Checking:BankAustria                        -48.00 EUR
  Expenses:Travel:Transportation                      48.00 EUR

2015-02-12 * "TU Graz" "Gehalt 02/2015" ^2015
  Income:TUGraz:Salary                              -503.93 EUR
  Expenses:Insurance:Health                               0 EUR
  Expenses:Taxes:Income                                   0 EUR
  Assets:Checking:BankAustria                        503.93 EUR

2015-02-16 * "UPC" "Internet" #shared
  comment: "SEPA-Lastschrift a/UPC DSL Telekom GmbH"
  Assets:Checking:BankAustria                        -28.04 EUR
  Expenses:Bills:Internet                             28.04 EUR

2015-02-16 * "Dominic Amann" ""
  comment: "DA-NR.: 00002366987 zG/ Dominic Amann"
  Assets:Checking:BankAustria                       -237.55 EUR
  Expenses:Housing:Rent                              237.55 EUR

2015-02-16 * "Manfred Getzner" "Studiengeld"
  comment: "Gutschrift a/Prok. Manfred A. Getzner"
  Assets:Checking:BankAustria                        550.00 EUR
  Income:Allowance                                  -550.00 EUR

2015-02-16 * "tele.ring" ""
  comment: "SEPA-Lastschrift a/Deutsche Telekom AG"
  Assets:Checking:BankAustria                        -10.20 EUR
  Expenses:Bills:MobilePhone                          10.20 EUR

2015-02-17 T 
  comment: "AUTOMAT   00022322 K3 17.02.UM 18.22     O"
  Assets:Checking:BankAustria                        -50.00 EUR
  Assets:Cash:Wallet                                  50.00 EUR

2015-02-19 * "TU Graz" ""
  comment: "Online-Auftrag vom 19.02. zG/ Technische Universit ät Graz"
  Assets:Checking:BankAustria                        -18.70 EUR
  Expenses:Profession:SchoolFees                      18.70 EUR

2015-02-25 * "Bareinzahlung"
  Assets:Checking:BankAustria                        500.00 EUR
  Income:OtherIncome:CashPayment                    -500.00 EUR

2015-02-25 * "ÖBB" ""
  comment: "SEPA-Lastschrift a/HOBEX AG"
  Assets:Checking:BankAustria                        -58.00 EUR
  Expenses:Travel:Transportation                      58.00 EUR

2015-03-03 T 
  comment: "AT    50,00 ATM 03.03.15 16.17 K3     O ATM S6EE0195           GRAZ          4300"
  Assets:Checking:BankAustria                        -50.00 EUR
  Assets:Cash:Wallet                                  50.00 EUR

2015-03-04 * "dm" ""
  Assets:Checking:BankAustria                         -9.90 EUR
  Expenses:PersonalCare:Body                           9.90 EUR

2015-03-09 * "GKK" ""
  comment: "Online-Auftrag vom 09.03. zG/ Stmk. Gebietskranken kasse 8010 Graz DVR: 0023990"
  Assets:Checking:BankAustria                        -66.74 EUR
  Expenses:Insurance:Health                           66.74 EUR

2015-03-13 * "BILLA" ""
  Assets:Checking:BankAustria                        -18.08 EUR
  Expenses:Food:Groceries                             18.08 EUR

2015-03-13 * "BIPA" ""
  Assets:Checking:BankAustria                        -29.92 EUR
  Expenses:PersonalCare:Body                          29.92 EUR

2015-03-16 * "UPC" "Internet" #shared
  comment: "SEPA-Lastschrift a/UPC DSL Telekom GmbH"
  Assets:Checking:BankAustria                        -28.04 EUR
  Expenses:Bills:Internet                             28.04 EUR

2015-03-16 * "Dominic Amann" ""
  comment: "DA-NR.: 00002366987 *** Letzte Durchführung *** zG / Dominic Amann"
  Assets:Checking:BankAustria                       -237.55 EUR
  Expenses:Housing:Rent                              237.55 EUR

2015-03-16 * "Manfred Getzner" "Studiengeld"
  comment: "Gutschrift a/Prok. Manfred A. Getzner"
  Assets:Checking:BankAustria                        550.00 EUR
  Income:Allowance                                  -550.00 EUR

2015-03-16 * "tele.ring" ""
  comment: "SEPA-Lastschrift a/Deutsche Telekom AG"
  Assets:Checking:BankAustria                        -10.20 EUR
  Expenses:Bills:MobilePhone                          10.20 EUR

2015-03-19 T 
  comment: "AUTOMAT   00082783 K3 19.03.UM 19.01     O"
  Assets:Checking:BankAustria                        -50.00 EUR
  Assets:Cash:Wallet                                  50.00 EUR

2015-03-19 * "SPAR" ""
  comment: "AT     9,11 MAESTRO POS 18.03.15 15.13K3 O SPAR DANKT 5046        GRAZ          8010"
  Assets:Checking:BankAustria                         -9.11 EUR
  Expenses:Food:Groceries                              9.11 EUR

2015-03-27 T 
  comment: "AUTOMAT   00081073 K3 27.03.UM 17.00     O"
  Assets:Checking:BankAustria                        -60.00 EUR
  Assets:Cash:Wallet                                  60.00 EUR

2015-03-30 * "GKK" ""
  comment: "Online-Auftrag vom 28.03. zG/ Stmk. Gebietskranken kasse 8010 Graz DVR: 0023990"
  Assets:Checking:BankAustria                        -54.11 EUR
  Expenses:Insurance:Health                           54.11 EUR

2015-03-31 * "25,00 % KESt"
  Assets:Checking:BankAustria                         -0.43 EUR
  Expenses:Taxes:Capital                               0.43 EUR

2015-03-31 * "HABENZINSEN"
  Assets:Checking:BankAustria                          1.70 EUR
  Income:InvestmentIncome:Interest                    -1.70 EUR

2015-04-02 T 
  comment: "AUTOMAT   00028622 K3 02.04.UM 09.55     O"
  Assets:Checking:BankAustria                       -120.00 EUR
  Assets:Cash:Wallet                                 120.00 EUR

2015-04-07 * "Hervis" ""
  Assets:Checking:BankAustria                        -19.99 EUR
  Expenses:Shopping:SportingGoods                     19.99 EUR

2015-04-07 * "ÖBB" ""
  comment: "Online-Auftrag vom 05.04. zG/ ÖBB-Personenverkehr AG"
  Assets:Checking:BankAustria                        -58.00 EUR
  Expenses:Travel:Transportation                      58.00 EUR

2015-04-10 * "50131 349 701 DepG 1.Qu 2015"
  Assets:Checking:BankAustria                         -7.88 EUR
  Expenses:Misc:FinancialExpenses                      7.88 EUR

2015-04-14 T 
  comment: "AUTOMAT   00018402 K3 14.04.UM 20.26     O"
  Assets:Checking:BankAustria                        -40.00 EUR
  Assets:Cash:Wallet                                  40.00 EUR

2015-04-14 * "tele.ring" ""
  comment: "SEPA-Lastschrift a/Deutsche Telekom AG"
  Assets:Checking:BankAustria                        -10.20 EUR
  Expenses:Bills:MobilePhone                          10.20 EUR

2015-04-15 * "Manfred Getzner" "Studiengeld"
  comment: "Gutschrift a/Prok. Manfred A. Getzner"
  Assets:Checking:BankAustria                        550.00 EUR
  Income:Allowance                                  -550.00 EUR

2015-04-17 * "UPC" "Internet" #shared
  comment: "SEPA-Lastschrift a/UPC DSL Telekom GmbH"
  Assets:Checking:BankAustria                        -28.04 EUR
  Expenses:Bills:Internet                             28.04 EUR

2015-04-20 * "SPAR" ""
  comment: "AT    35,22 MAESTRO POS 18.04.15 15.22K3 O SPAR DANKT 5046        GRAZ          8010"
  Assets:Checking:BankAustria                        -35.22 EUR
  Expenses:Food:Groceries                             35.22 EUR

2015-04-22 * "BILLA" ""
  Assets:Checking:BankAustria                        -13.71 EUR
  Expenses:Food:Groceries                             13.71 EUR

2015-04-24 * "SPAR" ""
  comment: "AT     9,39 MAESTRO POS 23.04.15 14.15K3 O SPAR DANKT 5046        GRAZ          8010"
  Assets:Checking:BankAustria                         -9.39 EUR
  Expenses:Food:Groceries                              9.39 EUR

2015-04-29 T 
  comment: "AUTOMAT   11608014 K3 29.04.UM 19.48     O"
  Assets:Checking:BankAustria                        -50.00 EUR
  Assets:Cash:Wallet                                  50.00 EUR

2015-01-30 * "Estimated expenses" #estimate
  Assets:Cash:Wallet                                   -590/4 EUR
  Assets:Cash:Wallet                                   -100 EUR ; adjusted for babysitting
  Expenses:Food:Groceries                               150 EUR
  Expenses:Food:EatingOut                                50 EUR
  Expenses:Misc:Cash


2015-02-28 * "Estimated expenses" #estimate
  Assets:Cash:Wallet                                   -590/4 EUR
  Assets:Cash:Wallet                                    -60 EUR ; Babysitting
  Expenses:Food:Groceries                               150 EUR
  Expenses:Food:EatingOut                                40 EUR
  Expenses:Misc:Cash

2015-03-30 * "Estimated expenses" #estimate
  Assets:Cash:Wallet                                   -590/4 EUR
  Assets:Cash:Wallet                                    -20 EUR ; Babysitting
  Expenses:Food:Groceries                               110 EUR
  Expenses:Food:EatingOut                                50 EUR
  Expenses:Misc:Cash


2015-04-30 * "Estimated expenses" #estimate
  Assets:Cash:Wallet                                   -590/4 EUR
  Expenses:Food:Groceries                               100 EUR
  Expenses:Food:EatingOut                                40 EUR
  Expenses:Misc:Cash

2015-05-01 balance Assets:Cash:Wallet                     0 EUR

2015-05-02 T 
  comment: "AUTOMAT   00006142 K3 02.05.UM 15.22     O"
  Assets:Checking:BankAustria                        -50.00 EUR
  Assets:Cash:Wallet                                  50.00 EUR

2015-05-05 * "ÖBB" ""
  comment: "Online-Auftrag vom 05.05. zG/ ÖBB-Personenverkehr AG"
  Assets:Checking:BankAustria                        -29.00 EUR
  Expenses:Travel:Transportation                      29.00 EUR

2015-05-06 T 
  comment: "AUTOMAT   00084803 K3 06.05.UM 14.11     O"
  Assets:Checking:BankAustria                        -70.00 EUR
  Assets:Cash:Wallet                                  70.00 EUR

2015-05-06 * "TU Graz" ""
  Assets:Checking:BankAustria                        -49.64 EUR
  Expenses:Profession:SchoolFees                      49.64 EUR

2015-05-07 * "ÖH Servicecenter" "Diplomarbeit Druck"
  comment: "OEH SERVICE  0001  K3 07.05.UM 12.31"
  Assets:Checking:BankAustria                        -75.00 EUR
  Expenses:Profession:Thesis                          75.00 EUR

2015-05-08 * "dm" ""
  Assets:Checking:BankAustria                        -13.25 EUR
  Expenses:PersonalCare:Body                          13.25 EUR

2015-05-11 * "Sonnenapotheke" "Pille (YAZ)" #pill
  comment: "SONNENAPOTH  0002P K3 08.05.UM 14.51"
  Assets:Checking:BankAustria                        -34.95 EUR
  Expenses:Health:Pharmacy                            34.95 EUR

2015-05-11 * "TU Graz" ""
  comment: "Online-Auftrag vom 09.05. zG/ Technische Universit ät Graz"
  Assets:Checking:BankAustria                         -7.50 EUR
  Expenses:Profession:SchoolFees                       7.50 EUR

2015-05-11 * "GKK" ""
  comment: "Online-Auftrag vom 09.05. zG/ Stmk. Gebietskranken kasse 8010 Graz DVR: 0023990"
  Assets:Checking:BankAustria                        -54.11 EUR
  Expenses:Insurance:Health                           54.11 EUR

2015-05-12 T 
  comment: "AUTOMAT   16800116 K3 12.05.UM 17.07     O"
  Assets:Checking:BankAustria                        -40.00 EUR
  Assets:Cash:Wallet                                  40.00 EUR

2015-05-12 T "Amazon" ""
  comment: "SEPA-Lastschrift a/AMAZON EU S.A.R.L."
  Assets:Checking:BankAustria                        -76.60 EUR
  Liabilities:Organisations:Amazon                    76.60 EUR

2015-05-13 T 
  comment: "AUTOMAT   00024212 K3 13.05.UM 14.54     O"
  Assets:Checking:BankAustria                        -30.00 EUR
  Assets:Cash:Wallet                                  30.00 EUR

2015-05-15 * "Manfred Getzner" "Studiengeld"
  comment: "Gutschrift a/Prok. Manfred A. Getzner"
  Assets:Checking:BankAustria                        550.00 EUR
  Income:Allowance                                  -550.00 EUR

2015-05-18 T 
  comment: "AUTOMAT   00084803 K3 18.05.UM 15.32     O"
  Assets:Checking:BankAustria                        -90.00 EUR
  Assets:Cash:Wallet                                  90.00 EUR

2015-05-18 * "dm" ""
  document: "2015-05-18_os000029201_15.pdf"
  comment: "Online-Auftrag vom 18.05. zG/ dm drogerie markt Gm bH"
  Assets:Checking:BankAustria                        -48.15 EUR
  Expenses:PersonalCare:Body                          48.15 EUR

2015-05-18 * "UPC" "Internet" #shared
  comment: "SEPA-Lastschrift a/UPC DSL Telekom GmbH"
  Assets:Checking:BankAustria                        -28.04 EUR
  Expenses:Bills:Internet                             28.04 EUR

2015-05-18 * "Wertpapier-Kuponabrechnung"
  Assets:Checking:BankAustria                        309.37 EUR
  Income:InvestmentIncome:Dividend                  -309.37 EUR

2015-05-19 * "tele.ring" ""
  comment: "SEPA-Lastschrift a/Deutsche Telekom AG"
  Assets:Checking:BankAustria                        -10.61 EUR
  Expenses:Bills:MobilePhone                          10.61 EUR

2015-05-25 * "SPAR" ""
  comment: "AT    20,17 MAESTRO POS 23.05.15 14.54K3 O SPAR DANKT 5046        GRAZ          8010"
  Assets:Checking:BankAustria                        -20.17 EUR
  Expenses:Food:Groceries                             20.17 EUR

2015-04-15 * "Dominic Amann" "Miete vergessen"
    comment: "Dauerauftrag abgeschlaufen"
  Liabilities:Debtors:Dominic                       -237.55 EUR
  Expenses:Housing:Rent                              237.55 EUR

2015-05-26 * "Dominic Amann" "2x Miete"
  comment: "Online-Auftrag vom 22.05. zG/ Dominic Amann"
  Assets:Checking:BankAustria                       -475.10 EUR
  Liabilities:Debtors:Dominic                        237.55 EUR
  Expenses:Housing:Rent                              237.55 EUR

2015-06-01 balance Liabilities:Debtors:Dominic            0 EUR

2015-05-27 T 
  comment: "AUTOMAT   00022322 K3 27.05.UM 16.44     O"
  Assets:Checking:BankAustria                        -50.00 EUR
  Assets:Cash:Wallet                                  50.00 EUR

2015-05-29 T "Amazon" ""
  comment: "Gutschrift a/AMAZON EU S.A.R.L."
  Assets:Checking:BankAustria                         76.60 EUR
  Liabilities:Organisations:Amazon                   -76.60 EUR

2015-06-03 * "GKK" ""
  comment: "Online-Auftrag vom 03.06. zG/ Stmk. Gebietskranken kasse 8010 Graz DVR: 0023990"
  Assets:Checking:BankAustria                        -54.11 EUR
  Expenses:Insurance:Health                           54.11 EUR

2015-06-03 * "Amazon" "Sonnencreme Roc Soleil Protexion+" #sunscreen
  comment: "SEPA-Lastschrift a/AMAZON PAYMENTS EUROPE S.C.A."
  Assets:Checking:BankAustria                         -8.72 EUR
  Expenses:PersonalCare:Body                           8.72 EUR

2015-06-03 T "Amazon" ""
  comment: "SEPA-Lastschrift a/AMAZON EU S.A.R.L."
  Assets:Checking:BankAustria                        -27.50 EUR
  Liabilities:Organisations:Amazon                    27.50 EUR

2015-06-03 T "Amazon" ""
  comment: "SEPA-Lastschrift a/AMAZON EU S.A.R.L."
  Assets:Checking:BankAustria                        -38.30 EUR
  Liabilities:Organisations:Amazon                    38.30 EUR

2015-06-05 * "Amazon" "Florena Creme mit Kamille (★☆☆☆☆)"
  note: "unangenehmer Duft"
  Assets:Checking:BankAustria                         -1.46 EUR
  Expenses:PersonalCare:Body                           1.46 EUR

2015-06-06 T 
  comment: "AUTOMAT   00022322 K3 06.06.UM 14.36     O"
  Assets:Checking:BankAustria                        -50.00 EUR
  Assets:Cash:Wallet                                  50.00 EUR

2015-06-08 * "BIPA" ""
  Assets:Checking:BankAustria                        -15.87 EUR
  Expenses:PersonalCare:Body                          15.87 EUR

2015-06-08 * "SPAR" ""
  comment: "AT    17,36 MAESTRO POS 05.06.15 13.48K3 O SPAR DANKT 5046        GRAZ          8010"
  Assets:Checking:BankAustria                        -17.36 EUR
  Expenses:Food:Groceries                             17.36 EUR

2015-06-11 * "tele.ring" ""
  comment: "SEPA-Lastschrift a/Deutsche Telekom AG"
  Assets:Checking:BankAustria                        -10.40 EUR
  Expenses:Bills:MobilePhone                          10.40 EUR

2015-06-14 T 
  comment: "AUTOMAT   00022322 K3 14.06.UM 17.29     O"
  Assets:Checking:BankAustria                        -70.00 EUR
  Assets:Cash:Wallet                                  70.00 EUR

2015-06-15 * "Monzero" "Ballerinas (blau)"
  Assets:Checking:BankAustria                        -20.90 EUR
  Expenses:Shopping:Shoes                             20.90 EUR

2015-06-15 * "Dominic Amann" ""
  comment: "DA-NR.: 00002508378 zG/ Dominic Amann"
  Assets:Checking:BankAustria                       -237.55 EUR
  Expenses:Housing:Rent                              237.55 EUR

2015-06-15 * "Manfred Getzner" "Studiengeld"
  comment: "Gutschrift a/Prok. Manfred A. Getzner"
  Assets:Checking:BankAustria                        550.00 EUR
  Income:Allowance                                  -550.00 EUR

2015-06-15 * "Mango" ""
  comment: "AT    37,98 MAESTRO POS 12.06.15 13.44K3 O MANGO GRAZ HERRENGASSE GRAZ          8010"
  Assets:Checking:BankAustria                        -37.98 EUR
  Expenses:Shopping:Clothing                          37.98 EUR

2015-06-18 T 
  comment: "AUTOMAT   00022322 K3 18.06.UM 17.41     O"
  Assets:Checking:BankAustria                       -100.00 EUR
  Assets:Cash:Wallet                                 100.00 EUR

2015-06-18 * "Grazer Linien" "Tageskarte"
  Assets:Checking:BankAustria                         -2.10 EUR
  Expenses:Transportation:BusTram                      2.10 EUR

2015-06-18 * "UPC" "Internet" #shared
  comment: "SEPA-Lastschrift a/UPC DSL Telekom GmbH"
  Assets:Checking:BankAustria                        -28.04 EUR
  Expenses:Bills:Internet                             28.04 EUR

2015-06-22 * "ÖH Servicecenter" "Diplomarbeit Bindung"
  comment: "OEH SERVICE  0001  K3 22.06.UM 15.53"
  Assets:Checking:BankAustria                        -72.40 EUR
  Expenses:Profession:Thesis                          72.40 EUR

2015-06-25 T 
  comment: "ABHEBUNG AUTOMAT NR. 52655 AM 25.06. UM 12.01 UHR Graz-Herreng. PK BANKCARD 3"
  Assets:Checking:BankAustria                        -40.00 EUR
  Assets:Cash:Wallet                                  40.00 EUR

2015-06-26 balance Assets:Checking:BankAustria      5619.47 EUR

2015-06-26 * "Morawa Buch & Medien" ""
  comment: "AT     9,90 MAESTRO POS 25.06.15 11.53K3 O MORAWA BUCH & MEDIEN   GRAZ          8010"
  Assets:Checking:BankAustria                         -9.90 EUR
  Expenses:Fun:Books                                   9.90 EUR

2015-06-29 * "ÖBB" ""
  comment: "Online-Auftrag vom 28.06. zG/ ÖBB-Personenverkehr AG"
  Assets:Checking:BankAustria                        -14.00 EUR
  Expenses:Travel:Transportation                      14.00 EUR

2015-06-29 * "GKK" ""
  comment: "DA-NR.: 00002513755 zG/ Stmk. Gebietskrankenkasse"
  Assets:Checking:BankAustria                        -54.11 EUR
  Expenses:Insurance:Health                           54.11 EUR

2015-06-30 * "25,00 % KESt"
  Assets:Checking:BankAustria                         -0.47 EUR
  Expenses:Taxes:Capital                               0.47 EUR

2015-06-30 * "PORTO"
  Assets:Checking:BankAustria                         -1.00 EUR
  Expenses:Misc:FinancialExpenses                      1.00 EUR

2015-06-30 * "HABENZINSEN"
  Assets:Checking:BankAustria                          1.86 EUR
  Income:InvestmentIncome:Interest                    -1.86 EUR

2015-06-30 T 
  comment: "AUTOMAT   00022322 K3 30.06.UM 08.31     O"
  Assets:Checking:BankAustria                        -60.00 EUR
  Assets:Cash:Wallet                                  60.00 EUR

2015-07-01 T 
  comment: "AUTOMAT   18020116 K3 01.07.UM 19.37     O"
  Assets:Checking:BankAustria                        -20.00 EUR
  Assets:Cash:Wallet                                  20.00 EUR

2015-07-03 * "BILLA" ""
  Assets:Checking:BankAustria                         -7.51 EUR
  Expenses:Food:Groceries                              7.51 EUR

2015-07-06 T "Amazon" ""
  comment: "Gutschrift a/AMAZON EU S.A.R.L."
  Assets:Checking:BankAustria                         27.50 EUR
  Liabilities:Organisations:Amazon                   -27.50 EUR

2015-07-06 T "Amazon" ""
  comment: "Gutschrift a/AMAZON EU S.A.R.L."
  Assets:Checking:BankAustria                         38.30 EUR
  Liabilities:Organisations:Amazon                   -38.30 EUR

2015-07-06 * "Ordia" "Schuhe?"
  comment: "AT    69,94 MAESTRO POS 04.07.15 11.58K3 O Ordia Handelsgesellsch GRAZ          8010"
  Assets:Checking:BankAustria                        -69.94 EUR
  Expenses:Shopping:Clothing                          69.94 EUR

2015-07-06 T "Amazon" ""
  comment: "SEPA-Lastschrift a/AMAZON EU S.A.R.L."
  Assets:Checking:BankAustria                        -59.62 EUR
  Liabilities:Organisations:Amazon                    59.62 EUR

2015-07-07 * "SPAR" ""
  comment: "AT    12,34 MAESTRO POS 06.07.15 17.53K3 O SPAR DANKT 5046        GRAZ          8010"
  Assets:Checking:BankAustria                        -12.34 EUR
  Expenses:Food:Groceries                             12.34 EUR

2015-07-07 * "Amazon" "Nivea After Shave Balsam, Buch: Pretties"
  comment: "SEPA-Lastschrift a/AMAZON PAYMENTS EUROPE S.C.A."
  Assets:Checking:BankAustria                         -9.23 EUR
  Expenses:PersonalCare:Body                           4.39 EUR
  Expenses:Fun:Books                                   4.84 EUR

2015-07-09 * "Straßenbahn Graz" "Monatskarte"
  comment: "AT    25,00 MAESTRO POS 07.07.15 19.02K3 O STRASSENBAHN GRAZ      GRAZ          8010"
  Assets:Checking:BankAustria                        -25.00 EUR
  Expenses:Transportation:BusTram                     25.00 EUR

2015-07-10 * "BILLA" ""
  Assets:Checking:BankAustria                        -15.09 EUR
  Expenses:Food:Groceries                             15.09 EUR

2015-07-10 * "Straßenbahn Graz" "Karte"
  Assets:Checking:BankAustria                        -10.00 EUR
  Expenses:Transportation:BusTram                     10.00 EUR


2015-07-12 T 
  comment: "AUTOMAT   20920074 K3 12.07.UM 15.36     O"
  Assets:Checking:BankAustria                        -50.00 EUR
  Assets:Cash:Wallet                                  50.00 EUR

2015-07-13 * "GIS" "Gis Gebühren Graz" #shared
  comment: "Online-Auftrag vom 11.07. zG/ GIS Gebühren Info Service GmbH"
  Assets:Checking:BankAustria                        -16.01 EUR
  Expenses:Bills:GIS                                  16.01 EUR


2015-07-13 * "tele.ring" ""
  comment: "SEPA-Lastschrift a/Deutsche Telekom AG"
  Assets:Checking:BankAustria                        -30.50 EUR
  Expenses:Bills:MobilePhone                          30.50 EUR

2015-07-14 * "ÖBB" "ÖBB Vorteilscard" #vorteilscard
  comment: "Online-Auftrag vom 14.07. zG/ ÖBB-Personenverkehr AG"
  Assets:Checking:BankAustria                        -49.00 EUR
  Expenses:Travel:Transportation                      49.00 EUR

2015-07-15 T 
  comment: "AUTOMAT   00003302 K3 15.07.UM 16.38     O"
  Assets:Checking:BankAustria                        -30.00 EUR
  Assets:Cash:Wallet                                  30.00 EUR

2015-07-15 * "BILLA" ""
  Assets:Checking:BankAustria                        -13.89 EUR
  Expenses:Food:Groceries                             13.89 EUR

2015-07-15 * "Dominic Amann" "Miete (letzte Durchführung)"
  comment: "DA-NR.: 00002508378 *** Letzte Durchführung *** zG / Dominic Amann"
  Assets:Checking:BankAustria                       -237.55 EUR
  Expenses:Housing:Rent                              237.55 EUR

2015-07-15 * "Manfred Getzner" "Studiengeld"
  comment: "Gutschrift a/Prok. Manfred A. Getzner"
  Assets:Checking:BankAustria                        550.00 EUR
  Income:Allowance                                  -550.00 EUR

2015-07-16 * "ÖBB" ""
  comment: "Online-Auftrag vom 16.07. zG/ ÖBB-Personenverkehr AG"
  Assets:Checking:BankAustria                        -29.00 EUR
  Expenses:Travel:Transportation                      29.00 EUR

2015-07-16 * "Heher Christine" "Ablöse Waschmaschine, Einrichtung, Hausrat" #moving
  comment: "Gutschrift a/Heher Christine"
  Assets:Checking:BankAustria                        254.00 EUR
  Income:OtherIncome:Reselling                      -254.00 EUR

2015-07-20 * "UPC" "Internet" #shared
  comment: "SEPA-Lastschrift a/UPC DSL Telekom GmbH"
  Assets:Checking:BankAustria                        -28.04 EUR
  Expenses:Bills:Internet                             28.04 EUR

2015-07-21 * "Bareinzahlung - Sparkasse"
  comment: "EINZAHLUNG AUTOMAT NR. 55255 AM 21.07. / 12.23 UHR Graz-Herreng. PK BANKCARD 3 EIGENERLAG"
  Assets:Checking:BankAustria                         28.56 EUR
  Income:OtherIncome:CashPayment                     -28.56 EUR

2015-07-21 * "Palais Zollamt" "Kaution (höher durch zu geringes Einkommen)" #shared
  comment: "Online-Auftrag vom 20.07. zG/ MEG Palais Zollamt"
  notice: "is already shared with Dominic, so if we get the return half of it is his"
  Assets:Checking:BankAustria                      -3000.00 EUR
  Liabilities:Debtors:Dominic                       1500.00 EUR
  Assets:Receivables:LeaseDeposit                   1500.00 EUR

2015-07-22 T
  comment: "AUTOMAT   00084913 K3 22.07.UM 21.31     O"
  Assets:Checking:BankAustria                        -50.00 EUR
  Assets:Cash:Wallet                                  50.00 EUR

2015-07-22 T "Amazon" ""
  comment: "Gutschrift a/AMAZON EU S.A.R.L."
  Assets:Checking:BankAustria                         59.62 EUR
  Liabilities:Organisations:Amazon                   -59.62 EUR

2015-07-24 * "50131 349 701 DepG 2.Qu 2015"
  Assets:Checking:BankAustria                         -7.88 EUR
  Expenses:Misc:FinancialExpenses                      7.88 EUR

2015-07-27 T 
  comment: "BANKOMAT  00001251 K3 27.07.UM 18.10     O"
  Assets:Checking:BankAustria                        -70.00 EUR
  Assets:Cash:Wallet                                  70.00 EUR

2015-07-27 * "GKK" ""
  comment: "DA-NR.: 00002513755 zG/ Stmk. Gebietskrankenkasse"
  Assets:Checking:BankAustria                        -54.11 EUR
  Expenses:Insurance:Health                           54.11 EUR

2015-05-30 * "Estimated expenses" #estimate
  Assets:Cash:Wallet                                   -870/3 EUR
  Expenses:Food:Groceries                               150 EUR
  Expenses:Food:EatingOut                                50 EUR
  Expenses:Misc:Cash



2015-06-30 * "Estimated expenses" #estimate
  Assets:Cash:Wallet                                   -870/3 EUR
  Assets:Cash:Wallet                                    -70 EUR
  Expenses:Food:Groceries                               150 EUR
  Expenses:Food:EatingOut                                50 EUR
  Expenses:Misc:Cash




2015-07-30 * "Estimated expenses" #estimate
  Assets:Cash:Wallet                                   -870/3 EUR
  Assets:Cash:Wallet                                    -60 EUR
  Expenses:Food:Groceries                               150 EUR
  Expenses:Food:EatingOut                                50 EUR
  Expenses:Misc:Cash




2015-08-01 balance Assets:Cash:Wallet                     0 EUR

2015-08-03 * "ÖBB" ""
  comment: "Online-Auftrag vom 31.07. zG/ ÖBB-Personenverkehr AG"
  Assets:Checking:BankAustria                        -24.00 EUR
  Expenses:Travel:Transportation                      24.00 EUR

2015-08-04 T "Amazon" ""
  comment: "SEPA-Lastschrift a/AMAZON EU S.A.R.L."
  Assets:Checking:BankAustria                        -54.15 EUR
  Liabilities:Organisations:Amazon                    54.15 EUR

2015-08-05 * "Schattenburg" "Museumsaufsicht"
  Assets:Checking:BankAustria                        500.00 EUR
  Income:HolidayJob:Schattenburg                    -500.00 EUR

2015-08-05 T 
  comment: "ABHEBUNG AUTOMAT NR. 50905 AM 05.08. UM 14.54 UHR Feldkirch PK BANKCARD 3"
  Assets:Checking:BankAustria                        -50.00 EUR
  Assets:Cash:Wallet                                  50.00 EUR

2015-08-06 balance Assets:Checking:BankAustria      2916.97 EUR

2015-08-07 T "Amazon" ""
  comment: "SEPA-Lastschrift a/AMAZON PAYMENTS EUROPE S.C.A."
  Assets:Checking:BankAustria                        -50.32 EUR
  Liabilities:Organisations:Amazon                    50.32 EUR

2015-08-08 T 
  comment: "ABHEBUNG AUTOMAT NR. 50185 AM 08.08. UM 18.41 UHR Linz-Hauptplatz PK BANKCARD 3"
  Assets:Checking:BankAustria                        -50.00 EUR
  Assets:Cash:Wallet                                  50.00 EUR

2015-08-10 * "Megadrive" "Moving Van Rental" #shared
  comment: "AT   850,00 MAESTRO POS 07.08.15 15.29K3 O MEGADRIVE AUTOVERMIETU LINZ          4020"
  Assets:Checking:BankAustria                       -850.00 EUR
  Liabilities:Debtors:Other

2015-08-11 * "ÖBB" ""
  comment: "AT    33,80 MAESTRO POS 10.08.15 10.21K3 O OEBB 4020 FSA          Linz          4020"
  Assets:Checking:BankAustria                        -33.80 EUR
  Expenses:Travel:Transportation                      33.80 EUR

2015-08-12 T "Amazon" ""
  comment: "Gutschrift a/AMAZON PAYMENTS EUROPE S.C.A."
  Assets:Checking:BankAustria                         50.32 EUR
  Liabilities:Organisations:Amazon                   -50.32 EUR

2015-08-17 * "tele.ring" ""
  comment: "SEPA-Lastschrift a/Deutsche Telekom AG"
  Assets:Checking:BankAustria                        -13.90 EUR
  Expenses:Bills:MobilePhone                          13.90 EUR

2015-08-18 * "Dr. Ehlich" "Zahnarzt: Narkose"
  comment: "EHLICH       0001P K3 17.08.UM 11.14"
  Assets:Checking:BankAustria                        -15.00 EUR
  Expenses:Health:Doctor                              15.00 EUR

2015-08-20 T 
  comment: "BANKOMAT  00035881 K3 20.08.UM 13.25     O"
  Assets:Checking:BankAustria                        -50.00 EUR
  Assets:Cash:Wallet                                  50.00 EUR

2015-08-20 * "Megadrive" "Safety Deposit Return" #shared
  comment: "Gutschrift a/Megadrive Autovermietung GmbH"
  Assets:Checking:BankAustria                        660.46 EUR
  Liabilities:Debtors:Other                         -850.00 EUR
  Liabilities:Debtors:Dominic                              189.54/2 EUR
  Expenses:Housing:Moving                          189.54/2 EUR

2015-08-21 * "ÖBB" ""
  comment: "AT    33,80 MAESTRO POS 20.08.15 08.03K3 O OEBB 6800 FSA          Feldkirch     6800"
  Assets:Checking:BankAustria                        -33.80 EUR
  Expenses:Travel:Transportation                      33.80 EUR

2015-08-24 T 
  comment: "BANKOMAT  00041921 K3 24.08.UM 12.53     O"
  Assets:Checking:BankAustria                        -40.00 EUR
  Assets:Cash:Wallet                                  40.00 EUR

2015-08-20 * "IKEA" "Sofa, Kallax Regal, Teppich etc." #data #shared
    comment: "wurde geliefert, lieferkosten separat"
    page: 20
    Liabilities:Debtors:Dominic                     -652.94 EUR
    Liabilities:Debtors:Dominic 652.94/2 EUR ; i paid only for half
    Expenses:Housing:Furnishing                      399.00 EUR ; FRIHETEN sofa (grau)
    Expenses:Housing:Furnishing                      149.00 EUR ; KALLAX regal (raumteiler)
    Expenses:Housing:Furnishing ; sonstiges: klappstühle, teppich, bodenschutz, bügelbrett


2015-08-24 * "IKEA" "Küchenutensilien - Pfanne, Schneidbretter etc." #data #shared
    card: "6275980211148254567"
    billing-date: 2015-08-20
    time: "18:23"
    page: 20
  comment: "AT    58,21 MAESTRO POS 20.08.15 18.29K3 O IKEA HAID              HAID/ANSFELDE 4053"
  Assets:Checking:BankAustria                        -58.21 EUR
  Liabilities:Debtors:Dominic 58.21/2 EUR
  Expenses:Housing:Furnishing                         58.21/2 EUR

2015-08-24 * "IKEA" "Lieferkosten für Sofa, Regal" #nocar #shared
  comment: "AT    89,00 MAESTRO POS 20.08.15 18.41K3 O IKEA HAID              HAID/ANSFELDE 4053"
  Assets:Checking:BankAustria                        -89.00 EUR
  Liabilities:Debtors:Dominic                                  89/2 EUR
  Expenses:Housing:Furnishing                          89/2 EUR

2015-08-27 * "GKK" ""
  comment: "DA-NR.: 00002513755 zG/ Stmk. Gebietskrankenkasse"
  Assets:Checking:BankAustria                        -54.11 EUR
  Expenses:Insurance:Health                           54.11 EUR

2015-08-31 * "SPAR" ""
  comment: "AT    35,21 MAESTRO POS 29.08.15 13.00K3 O SPAR DANKT 3424        LINZ          4020"
  Assets:Checking:BankAustria                        -35.21 EUR
  Expenses:Food:Groceries                             35.21 EUR

2015-08-31 * "LIDL" ""
  Assets:Checking:BankAustria                         -6.40 EUR
  Expenses:Food:Groceries                              6.40 EUR

2015-09-01 T 
  comment: "ABHEBUNG AUTOMAT NR. 50185 AM 01.09. UM 09.37 UHR Linz-Hauptplatz PK BANKCARD 3"
  Assets:Checking:BankAustria                        -50.00 EUR
  Assets:Cash:Wallet                                  50.00 EUR

2015-09-09 * "ÖBB" ""
  comment: "AT    33,80 MAESTRO POS 08.09.15 10.18K3 O OEBB 4020 FSA          Linz          4020"
  Assets:Checking:BankAustria                        -33.80 EUR
  Expenses:Travel:Transportation                      33.80 EUR

2015-09-09 T "Amazon" ""
  comment: "Gutschrift a/AMAZON EU S.A R.L., NIEDERLASSUNG DEUTSC"
  Assets:Checking:BankAustria                         54.15 EUR
  Liabilities:Organisations:Amazon                   -54.15 EUR

2015-09-10 T 
  comment: "AT    50,00 ATM 10.09.15 10.53 K3     O ATM S6EE5069           FELDKIRCH     6800"
  Assets:Checking:BankAustria                        -50.00 EUR
  Assets:Cash:Wallet                                  50.00 EUR

2015-09-10 * "tele.ring" ""
  comment: "SEPA-Lastschrift a/Deutsche Telekom AG"
  Assets:Checking:BankAustria                        -29.82 EUR
  Expenses:Bills:MobilePhone                          29.82 EUR

2015-09-11 * "ÖBB" ""
  comment: "AT     4,50 MAESTRO POS 10.09.15 16.18K3 O OEBB 6900 FSA          Bregenz       6900"
  Assets:Checking:BankAustria                         -4.50 EUR
  Expenses:Travel:Transportation                       4.50 EUR

2015-09-11 * "ÖBB" ""
  comment: "AT     1,60 MAESTRO POS 10.09.15 10.52K3 O OEBB 6800 FSA          Feldkirch     6800"
  Assets:Checking:BankAustria                         -1.60 EUR
  Expenses:Travel:Transportation                       1.60 EUR

2015-09-11 * "ÖBB" ""
  comment: "AT     4,50 MAESTRO POS 10.09.15 10.51K3 O OEBB 6800 FSA          Feldkirch     6800"
  Assets:Checking:BankAustria                         -4.50 EUR
  Expenses:Travel:Transportation                       4.50 EUR

2015-09-14 * "ÖBB" ""
  comment: "Online-Auftrag vom 11.09. zG/ ÖBB-Personenverkehr AG"
  Assets:Checking:BankAustria                        -33.80 EUR
  Expenses:Travel:Transportation                      33.80 EUR

2015-09-15 * "cinnamon GmbH" "Kinder in die Mitte" ^2015
  Income:HolidayJob:Reiseziel                        -91.00 EUR
  Expenses:Insurance:Health                           13.71 EUR
  Expenses:Taxes:Income                                   0 EUR
  Assets:Checking:BankAustria                         77.29 EUR

2015-09-15 * "oekostrom GmbH" "Teilbetragsrechnung 08.2015 Rechnung 252143/20/2015 Strom" ^rent15-16 ^rent15-16
  Assets:Checking:BankAustria                        -48.00 EUR
  Assets:Installments:Electricity                     48.00 EUR

2015-09-17 * "SPAR" ""
  comment: "AT    18,07 MAESTRO POS 16.09.15 18.28K3 O SPAR DANKT 3424        LINZ          4020"
  Assets:Checking:BankAustria                        -18.07 EUR
  Expenses:Food:Groceries                             18.07 EUR

2015-09-21 * "SPAR" ""
  comment: "AT    22,44 MAESTRO POS 19.09.15 12.29K3 O SPAR DANKT 3424        LINZ          4020"
  Assets:Checking:BankAustria                        -22.44 EUR
  Expenses:Food:Groceries                             22.44 EUR

2015-09-17 * "IKEA" "weißes küchenregal (stuva), death-star lampe, spiegel" #data #shared
    time: "11:42"
    page: 22
    Liabilities:Debtors:Dominic                     -442.25 EUR
    Liabilities:Debtors:Dominic 442.25/2 EUR
    Expenses:Housing:Furnishing

2015-09-21 * "IKEA" "Tritthocker, NORNS(NORNÄS?)" #data #shared
    billing-date: 2015-09-17
    time: "12:53"
    page: 21
  comment: "AT    22,98 MAESTRO POS 17.09.15 12.53K3 O IKEA HAID              HAID/ANSFELDE 4053"
  Assets:Checking:BankAustria                        -22.98 EUR
  Liabilities:Debtors:Dominic                               22.98/2 EUR
  Expenses:Housing:Furnishing                       22.98/2 EUR


2015-09-23 T 
  comment: "BANKOMAT  00029381 K3 23.09.UM 17.10     O"
  Assets:Checking:BankAustria                        -50.00 EUR
  Assets:Cash:Wallet                                  50.00 EUR

2015-09-28 * "GKK" ""
  comment: "DA-NR.: 00002513755 *** Letzte Durchführung *** zG / Stmk. Gebietskrankenkasse"
  Assets:Checking:BankAustria                        -54.11 EUR
  Liabilities:Debtors:Other                           54.11 EUR

2015-09-30 * "25,00 % KESt"
  Assets:Checking:BankAustria                         -0.24 EUR
  Expenses:Taxes:Capital                               0.24 EUR

2015-09-30 * "HABENZINSEN"
  Assets:Checking:BankAustria                          0.95 EUR
  Income:InvestmentIncome:Interest                    -0.95 EUR

2015-09-30 * "BILLA" ""
  Assets:Checking:BankAustria                        -28.84 EUR
  Expenses:Food:Groceries                             28.84 EUR

2015-10-05 * "SPAR" ""
  comment: "AT    17,50 MAESTRO POS 02.10.15 16.37K3 O SPAR DANKT 3424        LINZ          4020"
  Assets:Checking:BankAustria                        -17.50 EUR
  Expenses:Food:Groceries                             17.50 EUR

2015-10-06 * "GKK" "Rückerstattung Versicherung"
  comment: "Gutschrift a/Stmk. Gebietskrankenkasse"
  Assets:Checking:BankAustria                         54.11 EUR
  Liabilities:Debtors:Other                          -54.11 EUR

2015-10-07 T 
  comment: "BANKOMAT  00041921 K3 07.10.UM 18.05     O"
  Assets:Checking:BankAustria                        -40.00 EUR
  Assets:Cash:Wallet                                  40.00 EUR

2015-10-08 * "SPAR" ""
  comment: "AT    11,25 MAESTRO POS 07.10.15 18.03K3 O SPAR DANKT 3424        LINZ          4020"
  Assets:Checking:BankAustria                        -11.25 EUR
  Expenses:Food:Groceries                             11.25 EUR

2015-10-09 * "50131 349 701 DepG 3.Qu 2015"
  Assets:Checking:BankAustria                         -7.88 EUR
  Expenses:Misc:FinancialExpenses                      7.88 EUR

2015-10-12 * "BILLA" ""
  Assets:Checking:BankAustria                        -26.59 EUR
  Expenses:Food:Groceries                             26.59 EUR

2015-10-13 T 
  comment: "BANKOMAT  00001251 K3 13.10.UM 09.52     O"
  Assets:Checking:BankAustria                        -50.00 EUR
  Assets:Cash:Wallet                                  50.00 EUR

2015-10-15 * "ÖBB" ""
  comment: "AT    33,80 MAESTRO POS 14.10.15 10.30K3 O OEBB 4020 FSA          Linz          4020"
  Assets:Checking:BankAustria                        -33.80 EUR
  Expenses:Travel:Transportation                      33.80 EUR

2015-10-15 * "oekostrom GmbH" "Teilbetragsrechnung 09.2015 Rechnung 290392/20/2015 Strom" ^rent15-16 ^rent15-16
  comment: "SEPA-Lastschrift a/oekostrom GmbH"
  Assets:Checking:BankAustria                        -48.00 EUR
  Assets:Installments:Electricity                     48.00 EUR

2015-10-15 * "tele.ring" ""
  comment: "SEPA-Lastschrift a/Deutsche Telekom AG"
  Assets:Checking:BankAustria                        -10.40 EUR
  Expenses:Bills:MobilePhone                          10.40 EUR

2015-10-22 T 
  comment: "AUTOMAT   00024212 K3 22.10.UM 22.19     O"
  Assets:Checking:BankAustria                        -50.00 EUR
  Assets:Cash:Wallet                                  50.00 EUR

2015-10-27 * "ÖBB" ""
  comment: "AT    33,80 MAESTRO POS 26.10.15 08.34K3 O OEBB 6800 FSA          Feldkirch     6800"
  Assets:Checking:BankAustria                        -33.80 EUR
  Expenses:Travel:Transportation                      33.80 EUR

2015-10-27 * "ÖBB" ""
  comment: "AT    33,80 MAESTRO POS 26.10.15 08.35K3 O OEBB 6800 FSA          Feldkirch     6800"
  Assets:Checking:BankAustria                        -33.80 EUR
  Expenses:Travel:Transportation                      33.80 EUR

2015-10-29 * "IKEA" "Lieferkosten für Bett, Matratze" #data #shared #nocar
  comment: "AT    89,00 MAESTRO POS 27.10.15 17.02K3 O IKEA HAID              HAID/ANSFELDE 4053"
  Assets:Checking:BankAustria                        -89.00 EUR
  Liabilities:Debtors:Dominic                                  89/2 EUR
  Expenses:Housing:Furnishing                         89/2 EUR

2015-11-03 T 
  comment: "AUTOMAT   07512234 K3 03.11.UM 18.50     O"
  Assets:Checking:BankAustria                        -40.00 EUR
  Assets:Cash:Wallet                                  40.00 EUR

2015-11-05 * "oekostrom GmbH" "Teilbetragsrechnung 10.2015 Rechnung 331618/20/2015 Strom" ^rent15-16 ^rent15-16
  comment: "SEPA-Lastschrift a/oekostrom GmbH"
  Assets:Checking:BankAustria                        -48.00 EUR
  Assets:Installments:Electricity                     48.00 EUR

2015-11-06 * "ÖBB" ""
  comment: "AT    33,80 MAESTRO POS 05.11.15 10.28K3 O OEBB 4020 FSA          Linz          4020"
  Assets:Checking:BankAustria                        -33.80 EUR
  Expenses:Travel:Transportation                      33.80 EUR

2015-11-10 * "ÖBB" ""
  comment: "POS          33,80 AT  K3   09.11. 08:07 O OEBB 6800 FSA          Feldkirch     6800"
  Assets:Checking:BankAustria                        -33.80 EUR
  Expenses:Travel:Transportation                      33.80 EUR

2015-11-11 T 
  comment: "AUTOMAT   07512234 K3   11.11. 14:05     O"
  Assets:Checking:BankAustria                        -50.00 EUR
  Assets:Cash:Wallet                                  50.00 EUR

2015-11-12 * "Vero Moda" "Blazer, Weiße Bluse" #job
  comment: "VM/J&J       0023  K3   12.11. 17:48     O"
  Assets:Checking:BankAustria                       -109.90 EUR
  Expenses:Shopping:Clothing                          79.95 EUR ; Blazer
  Expenses:Shopping:Clothing                          29.95 EUR ; Bluse

2015-11-12 * "H&M" "Jersy Basic (Nude Untershirt?)" #job
    Assets:Cash:Wallet                                -4.99 EUR
    Expenses:Shopping:Clothing

2015-11-13 * "Mango" "Blazer" #job
  comment: "POS          49,99 AT  K3   12.11. 17:03 O MANGO LINZ LANDSTRASSE LINZ          4020"
  Assets:Checking:BankAustria                        -49.99 EUR
  Expenses:Shopping:Clothing                          49.99 EUR

2015-11-13 * "Getzner, Mutter & Cie." "Anteile wurden verkleinert"
  comment: "Gutschrift a/Getzner, Mutter  Cie. Gesellschaft m.b.H"
  Assets:Checking:BankAustria                       1145.49 EUR
  Income:Getzner:Shares                            -1145.49 EUR



2015-11-13 T 
  comment: "AUTOMAT   07512234 K3   13.11. 09:50     O"
  Assets:Checking:BankAustria                        -60.00 EUR
  Assets:Cash:Wallet                                  60.00 EUR

2015-11-16 * "tele.ring" ""
  comment: "SEPA-Lastschrift a/Deutsche Telekom AG"
  Assets:Checking:BankAustria                        -10.40 EUR
  Expenses:Bills:MobilePhone                          10.40 EUR

2015-11-19 * "LIDL" ""
  Assets:Checking:BankAustria                        -12.42 EUR
  Expenses:Food:Groceries                             12.42 EUR

2015-11-20 T 
  comment: "ABHEBUNG AUTOMAT NR. 50185 AM 20.11. UM 10.22 UHR Linz-Hauptplatz PK BANKCARD 3"
  Assets:Checking:BankAustria                        -50.00 EUR
  Assets:Cash:Wallet                                  50.00 EUR

2015-11-21 * "IKEA" "Memoryschaumkissen, Boxes/Fächer, LED lampe, Teekanne + Geschirr (grün)" #data #shared
    names: "LEDARE LEDL E27, VLBALANS, RLLEKA"
    comment: "zusammen mit Mama, vielleicht hat sie gezahlt"
    billing-date: 2015-11-21
    time: "12:26"
    page: 22
    Liabilities:Debtors:Dominic                     -140.33 EUR
    Liabilities:Debtors:Dominic 140.33/2 EUR
    Expenses:Housing:Furnishing

2015-11-23 * "IKEA" "Esstisch (BJURSTA), Teppiche, Fußmatte, Alex Schreibtischkommode (für mama?), küchenzubehör" #data #shared
    names: "RLLEKA, LBORG"
    billing-date: 2015-11-21
    time: "12:23:22"
    page: 23
  comment: "POS         296,85 AT  K3   21.11. 12:23 O IKEA HAID              HAID/ANSFELDE 4053"
  Assets:Checking:BankAustria                       -296.85 EUR
  Liabilities:Debtors:Dominic                              296.85/2 EUR
  Expenses:Housing:Furnishing                      296.85/2 EUR

2015-11-24 * "Dominic Amann" "Cineplexx Card" #guess
    note: "since we don't have exact numbers here, we assume Dominic gave me the money and i spent it on unknown stuff"
    Assets:Receivables:Creditors:Dominic                -30 EUR
    Expenses:Misc:Cash                                   30 EUR

2015-11-23 * "Cineplexx" "Spectre (★☆☆☆☆)"
    comment: "pretty lame villain"
  Assets:Checking:BankAustria                        -81.80 EUR
  Assets:Wallet:Cineplexx                             60.00 EUR
  Expenses:Giving:Invitations                         21.80 EUR ; ohne BonusCard
  Assets:Wallet:Cineplexx                            -19.60 EUR
  Expenses:Fun:Movies                               19.60/2 EUR ; mit Bonuscard
  Assets:Receivables:Creditors:Dominic                                    19.60/2 EUR

2015-11-24 * "FlixBus" "München"
  comment: "UEBERW.zG/FlixBus GmbH REF.FBAWI15110954680"
  Assets:Checking:BankAustria                        -43.00 EUR
  Expenses:Travel:Transportation                      43.00 EUR

2015-11-24 * "FlixBus" "München"
  comment: "UEBERW.zG/FlixBus GmbH REF.FBAWI15110954579"
  Assets:Checking:BankAustria                        -18.00 EUR
  Expenses:Travel:Transportation                      18.00 EUR

2015-11-27 T 
  comment: "AUTOMAT   00042853 K3   27.11. 11:46     O"
  Assets:Checking:BankAustria                        -50.00 EUR
  Assets:Cash:Wallet                                  50.00 EUR

2015-12-04 T 
  comment: "AUTOMAT   07512234 K3   04.12. 15:35     O"
  Assets:Checking:BankAustria                        -30.00 EUR
  Assets:Cash:Wallet                                  30.00 EUR

2015-12-04 * "Grazer Linien" "Tageskarte"
  Assets:Checking:BankAustria                         -4.60 EUR
  Expenses:Transportation:BusTram                      4.60 EUR

2015-12-07 * "oekostrom GmbH" "Teilbetragsrechnung 11.2015 Rechnung 372745/20/2015 Strom" ^rent15-16 ^rent15-16
  comment: "SEPA-Lastschrift a/oekostrom GmbH"
  Assets:Checking:BankAustria                        -48.00 EUR
  Assets:Installments:Electricity                     48.00 EUR


2015-12-14 * "tele.ring" ""
  comment: "SEPA-Lastschrift a/Deutsche Telekom AG"
  Assets:Checking:BankAustria                        -10.40 EUR
  Expenses:Bills:MobilePhone                          10.40 EUR

2015-12-17 T 
  comment: "BANKOMAT  00029381 K3   17.12. 14:38     O"
  Assets:Checking:BankAustria                        -20.00 EUR
  Assets:Cash:Wallet                                  20.00 EUR

2015-12-21 * "Madame Wu" "Blumentee Dragon Ball 2x (Lismarie + Oma)" #xmas #lismarie #family
    Assets:Cash:Wallet                                -5.20 EUR
    Expenses:Giving:HolidaySpending

2015-12-21 T 
  comment: "BANKOMAT  00041921 K3   21.12. 15:52     O"
  Assets:Checking:BankAustria                        -20.00 EUR
  Assets:Cash:Wallet                                  20.00 EUR

2015-12-22 * "SPAR" ""
  comment: "POS           3,90 AT  K3   21.12. 15:50 O SPAR DANKT 3424        LINZ          4020"
  Assets:Checking:BankAustria                         -3.90 EUR
  Expenses:Food:Groceries                              3.90 EUR

2015-12-22 T "Amazon" "Geschenk Dominic"
  comment: "SEPA-Lastschrift a/AMAZON EU S.A R.L., NIEDERLASSUNG DEUTSC"
  Assets:Checking:BankAustria                         -3.39 EUR
  Liabilities:Organisations:Amazon

2015-12-17 * "Amazon" "Teebox, Cofee Pad Box für Dominic" #dominic #xmas
    Assets:Wallet:GiftCards                          -21.97 EUR
    Liabilities:Organisations:Amazon                  -3.39 EUR
    Expenses:Giving:HolidaySpending                   25.36 EUR

2015-12-23 T 
  comment: "AUTOMAT   00007582 K3   23.12. 19:57     O"
  Assets:Checking:BankAustria                        -20.00 EUR
  Assets:Cash:Wallet                                  20.00 EUR

2015-12-23 * "ÖBB" ""
  comment: "POS          34,20 AT  K3   22.12. 08:26 O OEBB 4020 FSA          Linz          4020"
  Assets:Checking:BankAustria                        -34.20 EUR
  Expenses:Travel:Transportation                      34.20 EUR

2015-12-30 T 
  comment: "AUTOMAT   16800216 K3   30.12. 12:28     O"
  Assets:Checking:BankAustria                        -40.00 EUR
  Assets:Cash:Wallet                                  40.00 EUR

2015-12-31 * "Vero Moda" ""
  Assets:Checking:BankAustria                        -44.90 EUR
  Expenses:Shopping:Clothing                          44.90 EUR

2015-12-31 * "S.Oliver" ""
  Assets:Checking:BankAustria                        -39.99 EUR
  Expenses:Shopping:Clothing                          39.99 EUR

2015-12-31 * "25,00 % KESt"
  Assets:Checking:BankAustria                         -0.14 EUR
  Expenses:Taxes:Capital                               0.14 EUR

2015-12-31 * "PORTO"
  Assets:Checking:BankAustria                         -1.00 EUR
  Expenses:Misc:FinancialExpenses                      1.00 EUR

2015-12-31 * "HABENZINSEN"
  Assets:Checking:BankAustria                          0.54 EUR
  Income:InvestmentIncome:Interest                    -0.54 EUR

2015-11-30 * "Dominic Amann" "Umzugskosten (Kautionsausgleich)" #estimate
    comment: "assume caution has been balanced with other moving costs"
  Liabilities:Debtors:Dominic                          -500 EUR
  Expenses:Housing:Moving                               500 EUR

2015-12-01 * "Dominic Amann" "Umzugskosten (Kautionsausgleich)" #estimate
  Liabilities:Debtors:Dominic                          -500 EUR
  Expenses:Housing:Moving                               500 EUR

2015-11-30 * "Dominic Amann" ""
    Liabilities:Debtors:Dominic                       -0.98 EUR
    Liabilities:Debtors:Dominic                       19.74 EUR ; NordVPN Ausgleich
    Expenses:Housing:Moving

2015-12-02 balance Liabilities:Debtors:Dominic            0 EUR

2015-08-30 * "Estimated expenses" #estimate
    note: "add ikea expenses"
  Assets:Cash:Wallet                                   -822/5 EUR
  Expenses:Food:Groceries                               100 EUR
  Expenses:Food:EatingOut                                50 EUR
  Expenses:Misc:Cash

2015-09-30 * "Estimated expenses" #estimate
  Assets:Cash:Wallet                                   -822/5 EUR
  Expenses:Food:Groceries                               100 EUR
  Expenses:Food:EatingOut                                50 EUR
  Expenses:Misc:Cash

2015-10-30 * "Estimated expenses" #estimate
  Assets:Cash:Wallet                                   -822/5 EUR
  Expenses:Food:Groceries                               100 EUR
  Expenses:Food:EatingOut                                50 EUR
  Expenses:Misc:Cash


2015-11-30 * "Estimated expenses" #estimate
  Assets:Cash:Wallet                                   (-822/5)+4.99 EUR
  Expenses:Food:Groceries                               100 EUR
  Expenses:Food:EatingOut                                50 EUR
  Expenses:Misc:Cash


2015-12-31 * "Estimated expenses" #estimate
  Assets:Cash:Wallet                                   -822/5+5.2 EUR
  Expenses:Food:Groceries                               100 EUR
  Expenses:Food:EatingOut                                50 EUR
  Expenses:Misc:Cash


** 2016

2016-01-01 balance Assets:Cash:Wallet                     0 EUR

2016-01-05 * "oekostrom GmbH" "Teilbetragsrechnung 12.2015 Rechnung 413970/20/2015 Strom" ^rent15-16 ^rent15-16
  comment: "SEPA-Lastschrift a/oekostrom GmbH"
  Assets:Checking:BankAustria                        -48.00 EUR
  Assets:Installments:Electricity                     48.00 EUR


2016-01-15 * "50131 349 701 DepG 4.Qu 2015"
  Assets:Checking:BankAustria                         -7.88 EUR
  Expenses:Misc:FinancialExpenses                      7.88 EUR

2016-01-18 * "tele.ring" ""
  comment: "SEPA-Lastschrift a/Deutsche Telekom AG"
  Assets:Checking:BankAustria                        -10.61 EUR
  Expenses:Bills:MobilePhone                          10.61 EUR

2016-01-21 * "BILLA" ""
  Assets:Checking:BankAustria                        -13.98 EUR
  Expenses:Food:Groceries                             13.98 EUR

2016-01-22 T 
  comment: "BANKOMAT  00035881 K3   22.01. 14:15     O"
  Assets:Checking:BankAustria                        -70.00 EUR
  Assets:Cash:Wallet                                  70.00 EUR

2016-01-25 * "IKEA" "Matratze (MALVIK) 2/5, kleiner Topf für Menstruationskappe " #data #shared
    note: "matratze ist nicht sehr gut, habe viel rückenschmerzen, habe das gefühl dass sie zu dünn ist"
    names:"MALVIK, SNITSIG, BYN"
    time: "16:37"
    page: 24
  comment: "POS         156,98 AT  K3   22.01. 16:37 O IKEA HAID              HAID/ANSFELDE 4053"
  Assets:Checking:BankAustria                       -156.98 EUR
  Liabilities:Debtors:Dominic                              156.98/2 EUR
  Expenses:Housing:Furnishing                      156.98/2 EUR

2016-01-25 * "SPAR" ""
  comment: "POS          19,69 AT  K3   22.01. 12:17 O SPAR DANKT 3424        LINZ          4020"
  Assets:Checking:BankAustria                        -19.69 EUR
  Expenses:Food:Groceries                             19.69 EUR

2016-01-27 * "Pimkie" ""
  Assets:Checking:BankAustria                        -40.99 EUR
  Expenses:Shopping:Clothing                          40.99 EUR

2016-01-27 T 
  comment: "AUTOMAT   07512234 K3   27.01. 13:45     O"
  Assets:Checking:BankAustria                        -50.00 EUR
  Assets:Cash:Wallet                                  50.00 EUR

2016-01-29 * "oekostrom GmbH" "Rechnung 2757/10/2016" ^rent15-16 #share-DominicRent16 #annual #jahresabrechnung
    statement: "2016-01-29_2757_10_2016_450622_3946.pdf"
    comment: "Abrechnungszeitram 01.08.2015 - 15.12.2015"
    daily-usage:                                        3.4 KWH
    billing-date: 2016-01-29
    split: "150 @ 2015-08-15 / Month" ; 5 months split starting from august
    Expenses:Housing:Electricity                     112.12 EUR
    Assets:Installments:Electricity                 -112.12 EUR

2016-01-29 * "ÖBB" ""
  comment: "POS          34,20 AT  K3   28.01. 10:39 O OEBB 4020 FSA          Linz          4020"
  Assets:Checking:BankAustria                        -34.20 EUR
  Expenses:Travel:Transportation                      34.20 EUR

2016-02-01 * "ÖBB" ""
  comment: "POS          68,40 AT  K3   31.01. 14:08 O OEBB 6800 FSA          Feldkirch     6800"
  Assets:Checking:BankAustria                        -68.40 EUR
  Expenses:Travel:Transportation                      68.40 EUR

2016-02-08 T 
  comment: "ABHEBUNG AUTOMAT NR. 50185 AM 08.02. UM 17.23 UHR Fil. Linz-Hauptpl. BANKCARD 3"
  Assets:Checking:BankAustria                        -40.00 EUR
  Assets:Cash:Wallet                                  40.00 EUR

2016-02-08 * "SPAR" ""
  comment: "POS          16,70 AT  K3   06.02. 16:26 O SPAR DANKT 3424        LINZ          4020"
  Assets:Checking:BankAustria                        -16.70 EUR
  Expenses:Food:Groceries                             16.70 EUR

2016-02-11 * "tele.ring" ""
  comment: "SEPA-Lastschrift a/Deutsche Telekom AG"
  Assets:Checking:BankAustria                        -10.40 EUR
  Expenses:Bills:MobilePhone                          10.40 EUR

2016-02-18 T 
  comment: "BANKOMAT  00001251 K3   18.02. 17:16     O"
  Assets:Checking:BankAustria                        -80.00 EUR
  Assets:Cash:Wallet                                  80.00 EUR

2016-02-22 * "SPAR" ""
  comment: "POS          32,90 AT  K3   20.02. 14:25 O SPAR DANKT 3424        LINZ          4020"
  Assets:Checking:BankAustria                        -32.90 EUR
  Expenses:Food:Groceries                             32.90 EUR

2016-02-22 * "Mango" ""
  comment: "POS          17,99 AT  K3   20.02. 13:52 O MANGO LINZ LANDSTRASSE LINZ          4020"
  Assets:Checking:BankAustria                        -17.99 EUR
  Expenses:Shopping:Clothing                          17.99 EUR

2016-02-23 * "Amazon" "Schmetterlingsshirt (zu klein)"
  comment: "SEPA-Lastschrift a/AMAZON PAYMENTS EUROPE S.C.A."
  Assets:Checking:BankAustria                         -4.59 EUR
  Expenses:Shopping:Clothing                           4.59 EUR

2016-02-25 * "SPAR" ""
  comment: "POS          12,72 AT  K3   24.02. 18:15 O SPAR DANKT 3424        LINZ          4020"
  Assets:Checking:BankAustria                        -12.72 EUR
  Expenses:Food:Groceries                             12.72 EUR

2016-02-26 * "Amazon" "Socken, Einlagsohlen (High-Heel)"
  comment: "SEPA-Lastschrift a/AMAZON EU S.A R.L., NIEDERLASSUNG DEUTSC"
  Assets:Checking:BankAustria                        -20.23 EUR
  Expenses:Shopping:Clothing                          20.23 EUR

2016-02-26 * "Amazon" "Küchenuhr (grün)"
  comment: "SEPA-Lastschrift a/AMAZON PAYMENTS EUROPE S.C.A."
  Assets:Checking:BankAustria                         -7.49 EUR
  Liabilities:Debtors:Dominic                                7.49/2 EUR
  Expenses:Housing:Furnishing                        7.49/2 EUR

2016-02-29 * "Amazon" "Rotho Mülleimer Twist (grün, 50l)"
  comment: "SEPA-Lastschrift a/AMAZON PAYMENTS EUROPE S.C.A."
  Assets:Checking:BankAustria                        -26.81 EUR
  Liabilities:Debtors:Dominic                               26.81/2 EUR
  Expenses:Housing:Furnishing                       26.81/2 EUR

2016-02-29 * "Amazon" "Einlagsohlen FootActive Comfort Premium (★★★★★)"
  comment: "machen jeden Schuh gleich 100% angenehmer"
  Assets:Checking:BankAustria                        -19.95 EUR
  Expenses:Shopping:Shoes                             19.95 EUR

2016-03-01 T 
  comment: "BANKOMAT  00001251 K3   01.03. 08:13     O"
  Assets:Checking:BankAustria                        -50.00 EUR
  Assets:Cash:Wallet                                  50.00 EUR

2016-03-01 * "Avocodo GmbH" "Lohn 02/2016 (15. 2. Eintritt)" ^Income2016
  Income:Avocodo:Salary                            -1500.00 EUR
  Assets:Checking:BankAustria                       1017.13 EUR
  Expenses:Insurance:Health                          256.80 EUR
  Expenses:Taxes:Income                              226.07 EUR

2016-03-03 * "Klipp" ""
  comment: "POS          31,70 AT  K3   02.03. 18:02 O KLIPP Frisor GmbH      Thalheim bei  4020"
  Assets:Checking:BankAustria                        -31.70 EUR
  Expenses:PersonalCare:Hair                          31.70 EUR

2016-03-04 * "Dominic Amann" "Miete für Februar (etwas kleiner da erstes Gehalt)" ^rent15-16
  comment: "Online-Auftrag vom 03.03. zG/ Dominic Amann"
  Assets:Checking:BankAustria                       -350.00 EUR
  Equity:Timeshift

2016-02-15 * "Dominic Amann" "Miete für Februar (etwas kleiner wegen 1/2 Gehalt)" ^rent15-16
  Liabilities:Debtors:DominicRentContrib:Received       350 EUR
  Equity:Timeshift


2016-03-15 * "Dominic Amann" "Miete für März" ^rent15-16
    comment: "erst (viel) später ausgeglichen - bis dahin im nachhinein gezahlt"
    Equity:Timeshift                                   -435 EUR
    Liabilities:Debtors:DominicRentContrib:Received     435 EUR



2016-03-04 * "Shop-Apotheke" "Bepanthen, Vaseline, IbuDex, Jojoba- & Argan-Öl" #pain
  Assets:Virtual:PayPal                              -19.50 EUR
  Expenses:Health:Pharmacy                            19.50 EUR

2016-03-07 * "SPAR" ""
  comment: "POS          22,89 AT  K3   05.03. 12:21 O SPAR DANKT 3424        LINZ          4020"
  Assets:Checking:BankAustria                        -22.89 EUR
  Expenses:Food:Groceries                             22.89 EUR

2016-03-07 * "Hervis" ""
  comment: "POS          19,99 AT  K3   05.03. 12:07 O Hervis Fil.308102300   Linz          4020"
  Assets:Checking:BankAustria                        -19.99 EUR
  Expenses:Shopping:SportingGoods                     19.99 EUR

2016-03-07 * "H&M" ""
  comment: "POS          54,97 AT  K3   05.03. 11:56 O H&M Linz Tuchlauben    Linz          4020"
  Assets:Checking:BankAustria                        -54.97 EUR
  Expenses:Shopping:Clothing                          54.97 EUR

2016-03-08 T 
  comment: "SEPA-Lastschrift a/PayPal Europe S.a.r.l. et Cie S.C.A"
  Assets:Checking:BankAustria                        -16.47 EUR
  Assets:Virtual:PayPal                               16.47 EUR

2016-03-10 * "SPAR" ""
  comment: "POS          11,90 AT  K3   09.03. 15:58 O SPAR DANKT 3424        LINZ          4020"
  Assets:Checking:BankAustria                        -11.90 EUR
  Expenses:Food:Groceries                             11.90 EUR

2016-03-10 * "tele.ring" ""
  comment: "SEPA-Lastschrift a/Deutsche Telekom AG"
  Assets:Checking:BankAustria                        -10.61 EUR
  Expenses:Bills:MobilePhone                          10.61 EUR

2016-03-12 * "Wikimedia Foundation" "Spende"
  Assets:Virtual:PayPal                               -2.32 USD @@2.00 EUR
  Expenses:Giving:Charity                              2.00 EUR

2016-03-13 balance Assets:Virtual:PayPal                  0 EUR
2016-03-13 balance Assets:Virtual:PayPal               1.28 USD

2016-03-13 * "Netflix" "" #share-DominicNetflix ^netflix16 ^netflix
  Assets:Virtual:PayPal                               -9.99 EUR
  Expenses:Fun:TV                                      9.99 EUR


2016-03-14 * "BIPA" ""
  Assets:Checking:BankAustria                        -14.82 EUR
  Expenses:PersonalCare:Body                          14.82 EUR

2016-03-14 * "SPAR" ""
  comment: "POS           6,45 AT  K3   11.03. 14:57 O SPAR DANKT 3424        LINZ          4020"
  Assets:Checking:BankAustria                         -6.45 EUR
  Expenses:Food:Groceries                              6.45 EUR

2016-03-15 T 
  comment: "BANKOMAT  00041921 K3   15.03. 20:00     O"
  Assets:Checking:BankAustria                        -60.00 EUR
  Assets:Cash:Wallet                                  60.00 EUR

2016-03-15 * "SPAR" ""
  comment: "POS          11,04 AT  K3   14.03. 17:15 O SPAR DANKT 3424        LINZ          4020"
  Assets:Checking:BankAustria                        -11.04 EUR
  Expenses:Food:Groceries                             11.04 EUR

2016-03-15 * "Katholische Kirche" "" ^Expenses2016
  comment: "Online-Auftrag vom 14.03. zG/ Katholische Kirchenb eitragsstelle"
  Assets:Checking:BankAustria                        -59.10 EUR
  Expenses:Taxes:Church                               59.10 EUR

2016-03-15 T 
  comment: "SEPA-Lastschrift a/PayPal Europe S.a.r.l. et Cie S.C.A"
  Assets:Checking:BankAustria                         -9.99 EUR
  Assets:Virtual:PayPal                                9.99 EUR

2016-03-18 * "Amazon" "Birkenstock Sandalen, Handgelenkstütze, BH"
  comment: "SEPA-Lastschrift a/AMAZON PAYMENTS EUROPE S.C.A."
  Assets:Checking:BankAustria                        -76.67 EUR
  Expenses:Shopping:Clothing                          16.99 EUR ; BH
  Expenses:Health:Pharmacy                            14.99 EUR ; Handgelenkschoner
  Expenses:Shopping:Clothing                          44.69 EUR ; Birkenstock Sandalen


2016-03-26 T 
  comment: "ATM          50,00 AT  K3   26.03. 19:57 O ATM S6EE6110           FELDKIRCH     6800"
  Assets:Checking:BankAustria                        -50.00 EUR
  Assets:Cash:Wallet                                  50.00 EUR

2016-03-29 * "Beyerl" "" #bruno
  Assets:Checking:BankAustria                        -29.99 EUR
  Expenses:Giving:Kids                                29.99 EUR

2016-03-29 * "ÖBB" ""
  comment: "POS          34,20 AT  K3   26.03. 06:32 O OEBB 4020 FSA          Linz          4020"
  Assets:Checking:BankAustria                        -34.20 EUR
  Expenses:Travel:Transportation                      34.20 EUR

2016-03-30 * "SPAR" ""
  comment: "POS          12,15 AT  K3   29.03. 17:32 O SPAR DANKT 3424        LINZ          4020"
  Assets:Checking:BankAustria                        -12.15 EUR
  Expenses:Food:Groceries                             12.15 EUR

2016-03-31 * "25,00 % KESt"
  Assets:Checking:BankAustria                         -0.08 EUR
  Expenses:Taxes:Capital                               0.08 EUR

2016-03-31 * "HABENZINSEN"
  Assets:Checking:BankAustria                          0.31 EUR
  Income:InvestmentIncome:Interest                    -0.31 EUR

2016-04-01 T 
  comment: "BANKOMAT  00041921 K3   01.04. 10:39     O"
  Assets:Checking:BankAustria                        -50.00 EUR
  Assets:Cash:Wallet                                  50.00 EUR

2016-04-01 * "SPAR" ""
  comment: "POS           9,91 AT  K3   31.03. 17:35 O SPAR DANKT 3424        LINZ          4020"
  Assets:Checking:BankAustria                         -9.91 EUR
  Expenses:Food:Groceries                              9.91 EUR

2016-04-01 * "Avocodo GmbH" "Lohn 03/2016" ^Income2016
  Income:Avocodo:Salary                            -3000.00 EUR
  Assets:Checking:BankAustria                       2014.76 EUR
  Expenses:Insurance:Health                          543.60 EUR
  Expenses:Taxes:Income                              441.64 EUR

2016-04-04 * "Bachmayr" ""
  comment: "POS          52,00 AT  K3   01.04. 10:35 O BACHMAYR H NETZ        LINZ          4020"
  Assets:Checking:BankAustria                        -52.00 EUR
  Expenses:PersonalCare:Hair                          52.00 EUR

2016-04-06 * "Linz Linien" ""
  Assets:Checking:BankAustria                         -4.40 EUR
  Expenses:Transportation:BusTram                      4.40 EUR

2016-04-07 * "BILLA" ""
  Assets:Checking:BankAustria                        -14.64 EUR
  Expenses:Food:Groceries                             14.64 EUR

2016-04-09 T 
  comment: "BANKOMAT  00041921 K3   09.04. 13:31     O"
  Assets:Checking:BankAustria                        -90.00 EUR
  Assets:Cash:Wallet                                  90.00 EUR

2016-04-11 * "SPAR" ""
  comment: "POS          22,54 AT  K3   09.04. 13:26 O SPAR DANKT 3424        LINZ          4020"
  Assets:Checking:BankAustria                        -22.54 EUR
  Expenses:Food:Groceries                             22.54 EUR

2016-04-11 * "Stiefelkönig" ""
  comment: "POS          69,95 AT  K3   09.04. 12:57 O STIEFELKOENIG          LINZ          4020"
  Assets:Checking:BankAustria                        -69.95 EUR
  Expenses:Shopping:Shoes                             69.95 EUR

2016-04-11 * "Linz Linien" ""
  Assets:Checking:BankAustria                         -4.40 EUR
  Expenses:Transportation:BusTram                      4.40 EUR

2016-04-11 T "Amazon" "Handy (Moto G) auf Amazon gekauft (test)"
  Assets:Checking:BankAustria                       -230.93 EUR
  Liabilities:Organisations:Amazon                   230.93 EUR

2016-04-11 * "Steam" "Tabletop Simulator"
  Assets:Virtual:PayPal                              -19.99 EUR
  Expenses:Fun:Games                                  19.99 EUR

2016-04-13 T "Paypal" ""
  comment: "SEPA-Lastschrift a/PayPal Europe S.a.r.l. et Cie S.C.A"
  Assets:Checking:BankAustria                        -19.99 EUR
  Assets:Virtual:PayPal                               19.99 EUR

2016-04-13 * "Netflix" "" #share-DominicNetflix ^netflix16 ^netflix
  Assets:Virtual:PayPal                               -9.99 EUR
  Expenses:Fun:TV                                      9.99 EUR

2016-04-14 T "Paypal" ""
  comment: "SEPA-Lastschrift a/PayPal Europe S.a.r.l. et Cie S.C.A"
  Assets:Checking:BankAustria                         -9.99 EUR
  Assets:Virtual:PayPal                                9.99 EUR

2016-04-14 * "tele.ring" ""
  comment: "SEPA-Lastschrift a/Deutsche Telekom AG"
  Assets:Checking:BankAustria                        -10.40 EUR
  Expenses:Bills:MobilePhone                          10.40 EUR

2016-04-15 * "BILLA" ""
  Assets:Checking:BankAustria                        -16.99 EUR
  Expenses:Food:Groceries                             16.99 EUR

2016-04-15 * "50131 349 701 DepG 1.Qu 2016"
  Assets:Checking:BankAustria                         -7.88 EUR
  Expenses:Misc:FinancialExpenses                      7.88 EUR

2016-04-18 * "SPAR" ""
  comment: "POS          40,15 AT  K3   16.04. 10:55 O SPAR DANKT 3424        LINZ          4020"
  Assets:Checking:BankAustria                        -40.15 EUR
  Expenses:Food:Groceries                             40.15 EUR

2016-04-18 * "Dominic Amann" "" ^rent15-16
  comment: "Online-Auftrag vom 16.04. zG/ Dominic Amann"
  Assets:Checking:BankAustria                       -435.00 EUR
  Liabilities:Debtors:DominicRentContrib:Received


2016-04-20 * "Amazon" "Displayschutz Folie (Handy)"
  comment: "SEPA-Lastschrift a/AMAZON PAYMENTS EUROPE S.C.A."
  Assets:Checking:BankAustria                         -3.84 EUR
  Expenses:Electronics:Phone                           3.84 EUR


2016-04-21 * "Amazon" "Motorola Moto G3 + Cabernet Shell (Rückseite)"
  comment: "SEPA-Lastschrift a/AMAZON EU S.A R.L., NIEDERLASSUNG DEUTSC"
  Assets:Checking:BankAustria                       -216.80 EUR
  Expenses:Electronics:Phone                         216.80 EUR


2016-04-22 T "Amazon" "Fernseher (Samsung, 48 Zoll, Full HD)"
  comment: "SEPA-Lastschrift a/AMAZON EU S.A R.L., NIEDERLASSUNG DEUTSC"
  Assets:Checking:BankAustria                       -529.42 EUR
  Liabilities:Organisations:Amazon                   529.42 EUR

2016-04-23 T 
  comment: "ABHEBUNG AUTOMAT NR. 52935 AM 23.04. UM 15.10 UHR Fil. Linz-Hauptpl. BANKCARD 3"
  Assets:Checking:BankAustria                        -70.00 EUR
  Assets:Cash:Wallet                                  70.00 EUR

2016-04-27 * "Linz Linien" ""
  Assets:Checking:BankAustria                         -4.40 EUR
  Expenses:Transportation:BusTram                      4.40 EUR

2016-04-29 T 
  comment: "ABHEBUNG AUTOMAT NR. 55755 AM 29.04. UM 18.51 UHR Graz-Lendplatz PK BANKCARD 3"
  Assets:Checking:BankAustria                        -50.00 EUR
  Assets:Cash:Wallet                                  50.00 EUR

2016-04-29 * "Paymentwall Inc" ""
  Assets:Checking:BankAustria                        -26.52 EUR
  Expenses:Misc:Other                                 26.52 EUR

2016-05-01 T 
  comment: "ATM          50,00 AT  K3   01.05. 13:23 O ATM S6EE6144           GRAZ          8020"
  Assets:Checking:BankAustria                        -50.00 EUR
  Assets:Cash:Wallet                                  50.00 EUR

2016-05-02 * "ÖBB" ""
  comment: "POS          43,00 AT  K3   01.05. 13:22 O OEBB 8020 FSA          Graz          8020"
  Assets:Checking:BankAustria                        -43.00 EUR
  Expenses:Travel:Transportation                      43.00 EUR

2016-05-02 * "Avocodo GmbH" "Lohn 04/2016" ^Income2016
  Income:Avocodo:Salary                            -3000.00 EUR
  Assets:Checking:BankAustria                       2014.76 EUR
  Expenses:Insurance:Health                          543.60 EUR
  Expenses:Taxes:Income                              441.64 EUR

2016-05-02 * "Dominic Amann" "" ^rent15-16
  comment: "DA-NR.: 00002683049 zG/ Dominic Amann"
  Assets:Checking:BankAustria                       -435.00 EUR
  Liabilities:Debtors:DominicRentContrib:Received

2016-05-03 * "Linz Linien" ""
  Assets:Checking:BankAustria                         -4.40 EUR
  Expenses:Transportation:BusTram                      4.40 EUR

2016-05-03 * "Albert Getzner" "NordVPN" #shared
  comment: "Gutschrift a/Albert Philipp Getzner"
  Assets:Checking:BankAustria                         17.83 EUR
  Expenses:Bills:VPN                                 -17.83 EUR

2016-05-04 * "Öffentliche Verkehrsmittel"
  comment: "POS          10,00 AT  K3   29.04. 18:09"
  Assets:Checking:BankAustria                        -10.00 EUR
  Expenses:Transportation:BusTram                     10.00 EUR

2016-05-06 T "Amazon" "Rückerstattung Fernseher (nicht angekommen)"
  comment: "Gutschrift a/AMAZON EU S.A R.L., NIEDERLASSUNG DEUTSC"
  Assets:Checking:BankAustria                        529.42 EUR
  Liabilities:Organisations:Amazon                  -529.42 EUR

2016-05-06 T "Amazon" "Rückerstattung Moto G3 (billiger geworden)"
  comment: "Gutschrift a/AMAZON EU S.A R.L., NIEDERLASSUNG DEUTSC"
  Assets:Checking:BankAustria                        230.93 EUR
  Liabilities:Organisations:Amazon                  -230.93 EUR

2016-05-09 * "dm" ""
  Assets:Checking:BankAustria                        -31.40 EUR
  Expenses:PersonalCare:Body                          31.40 EUR

2016-05-09 T "Amazon" ""
  comment: "Gutschrift a/AMAZON EU S.A R.L., NIEDERLASSUNG DEUTSC"
  Assets:Checking:BankAustria                         49.00 EUR
  Liabilities:Organisations:Amazon                   -49.00 EUR


2016-05-10 T 
  comment: "AUTOMAT   07512234 K3   10.05. 16:52     O"
  Assets:Checking:BankAustria                       -100.00 EUR
  Assets:Cash:Wallet                                 100.00 EUR

2016-05-10 * "Amazon" "Me Luna Classic S, grün" #menses
  comment: "SEPA-Lastschrift a/AMAZON PAYMENTS EUROPE S.C.A."
  Assets:Checking:BankAustria                        -23.40 EUR
  Expenses:PersonalCare:Period                        23.40 EUR


2016-05-10 * "Amazon" "Fernseher (48 Zoll, Full HD)" #shared
  Assets:Checking:BankAustria                       -472.94 EUR
  Liabilities:Debtors:Dominic 472.94/2 EUR
  Expenses:Shopping:ElectronicsSoftware              472.94/2 EUR

2016-05-10 T "Amazon" ""
  comment: "SEPA-Lastschrift a/AMAZON EU S.A R.L., NIEDERLASSUNG DEUTSC"
  Assets:Checking:BankAustria                        -49.00 EUR
  Liabilities:Organisations:Amazon                    49.00 EUR

2016-05-13 * "Netflix" "" #share-DominicNetflix ^netflix16 ^netflix
  Assets:Virtual:PayPal                               -9.99 EUR
  Expenses:Fun:TV



2016-05-16 * "S.Oliver" ""
  Assets:Checking:BankAustria                       -230.93 EUR
  Expenses:Shopping:Clothing                         230.93 EUR

2016-05-16 * "ÖBB" ""
  comment: "POS          34,20 AT  K3   13.05. 18:27 O OEBB 4020 FSA          Linz          4020"
  Assets:Checking:BankAustria                        -34.20 EUR
  Expenses:Travel:Transportation                      34.20 EUR

2016-05-17 T "Tilgungsabrechnung"
  Assets:Investments:BankAustria:Depot            -10000.00 EUR
  Assets:Checking:BankAustria                      10000.00 EUR

2016-05-17 * "Wertpapier-Kuponabrechnung"
  Assets:Checking:BankAustria                        362.50 EUR
  Income:InvestmentIncome:Dividend                  -362.50 EUR

2016-05-17 T 
  comment: "ATM          50,00 AT  K3   17.05. 13:26 O ATM S6EE5089           LINZ          4020"
  Assets:Checking:BankAustria                        -50.00 EUR
  Assets:Cash:Wallet                                  50.00 EUR

2016-05-17 * "ÖBB" ""
  comment: "POS          34,20 AT  K3   16.05. 12:04 O OEBB 6800 FSA          Feldkirch     6800"
  Assets:Checking:BankAustria                        -34.20 EUR
  Expenses:Travel:Transportation                      34.20 EUR

2016-05-17 T "Paypal" ""
  comment: "SEPA-Lastschrift a/PayPal Europe S.a.r.l. et Cie S.C.A"
  Assets:Checking:BankAustria                         -9.99 EUR
  Assets:Virtual:PayPal                                9.99 EUR

2016-05-17 * "Amazon" "Biore Aqua Rich (Japan Import)" #sunscreen
  comment: "SEPA-Lastschrift a/AMAZON PAYMENTS EUROPE S.C.A."
  Assets:Checking:BankAustria                        -21.08 EUR
  Expenses:PersonalCare:Body                           9.08 EUR
  Expenses:PersonalCare:Body ; versand = sehr teuer

2016-05-19 * "tele.ring" ""
  comment: "SEPA-Lastschrift a/Deutsche Telekom AG"
  Assets:Checking:BankAustria                        -10.40 EUR
  Expenses:Bills:MobilePhone                          10.40 EUR

2016-05-23 T 
  comment: "QUICK-L.  14023116 K3   23.05. 17:55     O"
  Assets:Checking:BankAustria                        -10.00 EUR
  Assets:Cash:Wallet                                  10.00 EUR

2016-05-23 * "SPAR" ""
  comment: "POS          28,19 AT  K3   21.05. 13:23 O SPAR DANKT 3424        LINZ          4020"
  Assets:Checking:BankAustria                        -28.19 EUR
  Expenses:Food:Groceries                             28.19 EUR

2016-05-24 * "Linz Linien" ""
  comment: "POS           4,40 AT  K3   23.05. 18:05 O FSA3113 Linz Linien    Linz          4020"
  Assets:Checking:BankAustria                         -4.40 EUR
  Expenses:Transportation:BusTram                      4.40 EUR

2016-05-25 * "BILLA" ""
  Assets:Checking:BankAustria                        -15.26 EUR
  Expenses:Food:Groceries                             15.26 EUR

2016-05-25 * "Linz Linien" ""
  Assets:Checking:BankAustria                         -4.40 EUR
  Expenses:Transportation:BusTram                      4.40 EUR

2016-05-25 * "Amazon" "The Brothers Sinister Box-Set (★★★★★)"
  comment: "witty, funny and quite feminist for historical romances. would definitely re-read"
  Assets:Checking:BankAustria                         -9.99 EUR
  Expenses:Fun:Books                                   9.99 EUR

2016-05-30 * "SPAR" ""
  comment: "POS          25,97 AT  K3   28.05. 14:33 O SPAR DANKT 3424        LINZ          4020"
  Assets:Checking:BankAustria                        -25.97 EUR
  Expenses:Food:Groceries                             25.97 EUR

2016-06-01 * "BILLA" ""
  Assets:Checking:BankAustria                         -8.86 EUR
  Expenses:Food:Groceries                              8.86 EUR

2016-06-01 * "Avocodo GmbH" "Lohn 05/2016" ^Income2016
  Income:Avocodo:Salary                            -3000.00 EUR
  Assets:Checking:BankAustria                       1998.51 EUR
  Assets:Retirement:LifeInsurance                     25.00 EUR
  Expenses:Insurance:Health                          543.60 EUR
  Expenses:Taxes:Income                              432.89 EUR

2016-06-01 * "Dominic Amann" "" ^rent15-16
  comment: "DA-NR.: 00002683049 zG/ Dominic Amann"
  Assets:Checking:BankAustria                       -435.00 EUR
  Liabilities:Debtors:DominicRentContrib:Received

2016-06-03 T 
  comment: "BANKOMAT  00035891 K3   03.06. 12:47     O"
  Assets:Checking:BankAustria                        -50.00 EUR
  Assets:Cash:Wallet                                  50.00 EUR

2016-06-03 balance Assets:Virtual:PayPal               1.28 USD
2016-06-03 balance Assets:Virtual:PayPal               0.00 EUR

2016-06-06 * "Saturn" ""
  comment: "POS          29,99 AT  K3   04.06. 15:39 O SATURN 4020            Linz          4020"
  Assets:Checking:BankAustria                        -29.99 EUR
  Expenses:Shopping:ElectronicsSoftware               29.99 EUR

2016-06-07 T 
  comment: "ABHEBUNG AUTOMAT NR. 50185 AM 07.06. UM 18.57 UHR Fil. Linz-Hauptpl. BANKCARD 3"
  Assets:Checking:BankAustria                        -60.00 EUR
  Assets:Cash:Wallet                                  60.00 EUR

2016-06-08 * "oekostrom GmbH" "Teilbetragsrechnung 05.2016 Rechnung 591614/20/2016 Strom"  ^rent15-16
  comment: "SEPA-Lastschrift a/oekostrom GmbH"
  Assets:Checking:BankAustria                        -24.12 EUR
  Assets:Installments:Electricity

2016-06-10 * "ÖBB" ""
  comment: "POS          59,80 AT  K3   09.06. 18:39 O OEBB 4020 FSA          Linz          4020"
  Assets:Checking:BankAustria                        -59.80 EUR
  Expenses:Travel:Transportation                      59.80 EUR

2016-06-10 * "Amazon" "Braun Epilierer, Externe Festplatte"
  comment: "SEPA-Lastschrift a/AMAZON EU S.A R.L., NIEDERLASSUNG DEUTSC"
  Assets:Checking:BankAustria                       -192.40 EUR
  Expenses:Shopping:ElectronicsSoftware               81.84 EUR
    memo: "externe Festplatte"
  Expenses:PersonalCare:Body                         110.56 EUR
    memo: "Epilierer"

2016-06-13 * "ÖBB" ""
  comment: "POS          59,80 AT  K3   12.06. 12:06 O OEBB 6800 FSA          Feldkirch     6800"
  Assets:Checking:BankAustria                        -59.80 EUR
  Expenses:Travel:Transportation                      59.80 EUR

2016-06-13 * "tele.ring" ""
  comment: "SEPA-Lastschrift a/Deutsche Telekom AG"
  Assets:Checking:BankAustria                        -10.40 EUR
  Expenses:Bills:MobilePhone                          10.40 EUR

2016-06-13 * "Netflix" "" #share-Phil-4 #share-DominicNetflix ^netflix16 ^netflix
  Assets:Virtual:PayPal                              -11.99 EUR
  Expenses:Fun:TV


2016-06-14 * "BILLA" ""
  Assets:Checking:BankAustria                        -10.30 EUR
  Expenses:Food:Groceries                             10.30 EUR

2016-06-14 T "Paypal" ""
  comment: "SEPA-Lastschrift a/PayPal Europe S.a.r.l. et Cie S.C.A"
  Assets:Checking:BankAustria                        -11.99 EUR
  Assets:Virtual:PayPal                               11.99 EUR

2016-06-15 T 
  comment: "AUTOMAT   07512234 K3   15.06. 17:06     O"
  Assets:Checking:BankAustria                        -50.00 EUR
  Assets:Cash:Wallet                                  50.00 EUR

2016-06-15 * "IKEA" "Online Bestellung" #shared #online
  Assets:Virtual:PayPal                             -347.98 EUR
  Liabilities:Debtors:Dominic                              347.98/2 EUR
  Expenses:Housing:Furnishing                      347.98/2 EUR

2016-06-16 * "Saturn" ""
  comment: "POS          69,00 AT  K3   15.06. 17:16 O SATURN 4020            Linz          4020"
  Assets:Checking:BankAustria                        -69.00 EUR
  Expenses:Shopping:ElectronicsSoftware               69.00 EUR

2016-06-17 T "Paypal" ""
  comment: "SEPA-Lastschrift a/PayPal Europe S.a.r.l. et Cie S.C.A"
  Assets:Checking:BankAustria                       -347.98 EUR
  Assets:Virtual:PayPal                              347.98 EUR

2016-06-18 T 
  comment: "ATM          50,00 AT  K3   18.06. 21:15 O ATM S6EE6102           LINZ          4010"
  Assets:Checking:BankAustria                        -50.00 EUR
  Assets:Cash:Wallet                                  50.00 EUR

2016-06-20 * "SPAR" ""
  comment: "POS          46,50 AT  K3   18.06. 12:10 O SPAR DANKT 3424        LINZ          4020"
  Assets:Checking:BankAustria                        -46.50 EUR
  Expenses:Food:Groceries                             46.50 EUR

2016-06-20 * "Mango" ""
  comment: "POS          14,99 AT  K3   18.06. 11:16 O MANGO LINZ LANDSTRASSE LINZ          4020"
  Assets:Checking:BankAustria                        -14.99 EUR
  Expenses:Shopping:Clothing                          14.99 EUR

2016-06-20 * "H&M" ""
  comment: "POS          30,96 AT  K3   18.06. 11:49 O H&M Linz Tuchlauben    Linz          4020"
  Assets:Checking:BankAustria                        -30.96 EUR
  Expenses:Shopping:Clothing                          30.96 EUR

2016-06-20 * "Claire's" ""
  comment: "CLAIRES 4020 0011P K3   18.06. 11:38"
  Assets:Checking:BankAustria                        -17.98 EUR
  Expenses:Shopping:Clothing                          17.98 EUR

2016-06-24 * "Bachmayr" ""
  comment: "POS          52,00 AT  K3   23.06. 17:38 O BACHMAYR H NETZ        LINZ          4020"
  Assets:Checking:BankAustria                        -52.00 EUR
  Expenses:PersonalCare:Hair                          52.00 EUR

2016-06-24 * "Vögele" ""
  comment: "POS          52,20 AT  K3   23.06. 17:44 O Voegele Shoes GmbH 321 Linz          4020"
  Assets:Checking:BankAustria                        -52.20 EUR
  Expenses:Shopping:Shoes                             52.20 EUR

2016-06-24 * "Linz Linien" ""
  Assets:Checking:BankAustria                         -4.40 EUR
  Expenses:Transportation:BusTram                      4.40 EUR

2016-06-25 T 
  comment: "ABHEBUNG AUTOMAT NR. 50185 AM 25.06. UM 17.59 UHR Fil. Linz-Hauptpl. BANKCARD 3"
  Assets:Checking:BankAustria                        -50.00 EUR
  Assets:Cash:Wallet                                  50.00 EUR

2016-06-26 * "Paula's Choice" ""
  Assets:Virtual:PayPal                              -30.80 EUR
  Expenses:PersonalCare:Body                          30.80 EUR

2016-06-28 T "Paypal" ""
  comment: "SEPA-Lastschrift a/PayPal Europe S.a.r.l. et Cie S.C.A"
  Assets:Checking:BankAustria                        -30.80 EUR
  Assets:Virtual:PayPal                               30.80 EUR

2016-06-30 * "25,00 % KESt"
  Assets:Checking:BankAustria                         -0.56 EUR
  Expenses:Taxes:Capital                               0.56 EUR

2016-06-30 * "HABENZINSEN"
  Assets:Checking:BankAustria                          2.23 EUR
  Income:InvestmentIncome:Interest                    -2.23 EUR

2016-07-01 * "ÖBB" ""
  comment: "Online-Auftrag vom 30.06. zG/ OEBB-Personenverkehr  AG, Am Ha uptbahnhof 2  1100 Wien"
  Assets:Checking:BankAustria                        -74.40 EUR
  Expenses:Travel:Transportation                      74.40 EUR

2016-07-01 * "Avocodo GmbH" "Lohn 06/2016 + Urlaubsgeld" ^Income2016
  Income:Avocodo:Salary                            -3000.00 EUR
  Income:Avocodo:Salary                            -2631.15 EUR
  Assets:Checking:BankAustria                       4085.57 EUR
  Assets:Retirement:LifeInsurance                     25.00 EUR
  Expenses:Insurance:Health                          543.60 EUR
  Expenses:Insurance:Health                          450.45 EUR
  Expenses:Taxes:Income                              432.89 EUR
  Expenses:Taxes:Income                               93.64 EUR

2016-07-01 * "Dominic Amann" "" ^rent15-16
  comment: "DA-NR.: 00002683049 zG/ Dominic Amann"
  Assets:Checking:BankAustria                       -435.00 EUR
  Liabilities:Debtors:DominicRentContrib:Received

2016-07-05 T 
  comment: "ATM          50,00 AT  K3   05.07. 12:04 O ATM S6EE5089           LINZ          4020"
  Assets:Checking:BankAustria                        -50.00 EUR
  Assets:Cash:Wallet                                  50.00 EUR

2016-07-05 * "BILLA" ""
  Assets:Checking:BankAustria                        -19.18 EUR
  Expenses:Food:Groceries                             19.18 EUR

2016-07-05 * "Subway" ""
  comment: "SUBS LINZ    0001P K3   04.07. 11:22"
  Assets:Checking:BankAustria                         -5.69 EUR
  Expenses:Food:EatingOut                              5.69 EUR

2016-07-05 * "oekostrom GmbH" "Teilbetragsrechnung 06.2016" ^rent15-16
  comment: "SEPA-Lastschrift a/oekostrom GmbH"
  Assets:Checking:BankAustria                        -26.00 EUR
  Assets:Installments:Electricity                     26.00 EUR

2016-07-05 * "Amazon" "Nashville S03E13"
  comment: "SEPA-Lastschrift a/AMAZON INSTANT VIDEO GERMANY GMBH"
  Assets:Checking:BankAustria                         -2.99 EUR
  Expenses:Fun:TV                                      2.99 EUR


2016-07-11 * "SPAR" ""
  comment: "POS          18,60 AT  K3   09.07. 12:34 O EUROSPAR DANKT 3424    LINZ          4020"
  Assets:Checking:BankAustria                        -18.60 EUR
  Expenses:Food:Groceries                             18.60 EUR

2016-07-11 * "ÖBB" ""
  comment: "POS          17,00 AT  K3   09.07. 14:17 O OEBB 4020 FSA          Linz          4020"
  Assets:Checking:BankAustria                        -17.00 EUR
  Expenses:Travel:Transportation                      17.00 EUR

2016-07-12 T 
  comment: "AUTOMAT   00007432 K3   12.07. 17:41     O"
  Assets:Checking:BankAustria                       -100.00 EUR
  Assets:Cash:Wallet                                 100.00 EUR

2016-07-12 * "tele.ring" ""
  comment: "SEPA-Lastschrift a/Deutsche Telekom AG"
  Assets:Checking:BankAustria                        -30.30 EUR
  Expenses:Bills:MobilePhone                          30.30 EUR

2016-07-13 * "Netflix" "" #share-Phil-4 #share-DominicNetflix ^netflix16 ^netflix
  Assets:Virtual:PayPal                              -11.99 EUR
  Expenses:Fun:TV

2016-07-14 T "Paypal" ""
  comment: "SEPA-Lastschrift a/PayPal Europe S.a.r.l. et Cie S.C.A"
  Assets:Checking:BankAustria                        -11.99 EUR
  Assets:Virtual:PayPal                               11.99 EUR

2016-07-15 T
  comment: "AUTOMAT   00024212 K3   15.07. 22:09     O"
  Assets:Checking:BankAustria                        -80.00 EUR
  Assets:Cash:Wallet                                  80.00 EUR

2016-07-18 * "ÖBB" ""
  comment: "POS          67,20 AT  K3   17.07. 14:16 O OEBB 6700 FSA          Bludenz       6700"
  Assets:Checking:BankAustria                        -67.20 EUR
  Expenses:Travel:Transportation                      67.20 EUR

2016-07-18 * "ÖBB" ""
  comment: "POS          31,90 AT  K3   15.07. 14:06 O OEBB 5230 FSA          Mattighofen   5230"
  Assets:Checking:BankAustria                        -31.90 EUR
  Expenses:Travel:Transportation                      31.90 EUR

2016-07-25 * "SPAR" ""
  comment: "POS          34,58 AT  K3   23.07. 12:25 O EUROSPAR DANKT 3424    LINZ          4020"
  Assets:Checking:BankAustria                        -34.58 EUR
  Expenses:Food:Groceries                             34.58 EUR

2016-07-25 * "JET" ""
  Assets:Checking:BankAustria                        -22.21 EUR
  Liabilities:Debtors:Other                           22.21 EUR

2016-06-24 * "Audible" "Abo Abgeschlossen (1. Monat gratis)"
  Assets:Virtual:AudibleCredits                           1 AC
  Income:OtherIncome:GiftsReceived                       -1 AC

2016-06-24 * "Audible" "Jim Butcher - Storm Front (Dresden Files #1)"
    Assets:Virtual:AudibleCredits                        -1 AC
    Expenses:Fun:Books

2016-07-26 * "Audible" ""
  comment: "SEPA-Lastschrift a/AUDIBLE GMBH"
  Assets:Checking:BankAustria                         -9.95 EUR
  Assets:Virtual:AudibleCredits                           1 AC @@ 9.95 EUR

2016-07-28 * "SPAR" ""
  comment: "POS          11,75 AT  K3   27.07. 17:57 O EUROSPAR DANKT 3774    MATTIGHOFEN   5230"
  Assets:Checking:BankAustria                        -11.75 EUR
  Expenses:Food:Groceries                             11.75 EUR

2016-08-01 * "ÖBB" ""
  comment: "POS          68,40 AT  K3   31.07. 10:55 O OEBB TICKET            FELDKIRCH     6800"
  Assets:Checking:BankAustria                        -68.40 EUR
  Expenses:Travel:Transportation                      68.40 EUR

2016-08-01 T 
  comment: "BANKOMAT  00003561 K3   01.08. 12:56     O"
  Assets:Checking:BankAustria                       -100.00 EUR
  Assets:Cash:Wallet                                 100.00 EUR

2016-08-01 * "Linz Linien" ""
  Assets:Checking:BankAustria                         -2.20 EUR
  Expenses:Transportation:BusTram                      2.20 EUR

2016-08-01 * "dm" ""
  Assets:Checking:BankAustria                        -25.60 EUR
  Expenses:PersonalCare:Body                          25.60 EUR

2016-08-01 * "BILLA" ""
  Assets:Checking:BankAustria                        -20.31 EUR
  Expenses:Food:Groceries                             20.31 EUR

2016-08-01 * "Avocodo GmbH" "Lohn 07/2016" ^Income2016
  Income:Avocodo:Salary                            -3000.00 EUR
  Assets:Checking:BankAustria                       1998.51 EUR
  Assets:Retirement:LifeInsurance                     25.00 EUR
  Expenses:Insurance:Health                          543.60 EUR
  Expenses:Taxes:Income                              432.89 EUR

2016-08-01 * "Dominic Amann" "" ^rent15-16
  comment: "DA-NR.: 00002683049 zG/ Dominic Amann"
  Assets:Checking:BankAustria                       -435.00 EUR
  Liabilities:Debtors:DominicRentContrib:Received

2016-08-01 * "Klipp" ""
  comment: "POS          67,00 AT  K3   29.07. 13:06 O KLIPP Frisor GmbH      Thalheim bei  4020"
  Assets:Checking:BankAustria                        -67.00 EUR
  Expenses:PersonalCare:Hair                          67.00 EUR

2016-08-01 * "ÖBB" ""
  comment: "POS          68,30 AT  K3   29.07. 14:38 O OEBB TICKET            LINZ          4020"
  Assets:Checking:BankAustria                        -68.30 EUR
  Expenses:Travel:Transportation                      68.30 EUR

2016-08-02 * "ÖBB" "Vorteilscard?" #vorteilscard
  comment: "POS          99,00 AT  K3   31.07. 10:53"
  Assets:Checking:BankAustria                        -99.00 EUR
  Expenses:Travel:Transportation                      99.00 EUR

2016-08-03 * "JET" ""
  Assets:Checking:BankAustria                        -19.09 EUR
  Liabilities:Debtors:Other                           19.09 EUR

2016-08-03 * "Amazon" "Reiseadapter"
  comment: "SEPA-Lastschrift a/AMAZON EU S.A R.L., NIEDERLASSUNG DEUTSC"
  Assets:Checking:BankAustria                         -4.94 EUR
  Liabilities:Organisations:Amazon                     4.94 EUR

2016-08-03 * "Amazon" "Sonnencreme (Biore, Shiseido)" #sunscreen
  comment: "SEPA-Lastschrift a/AMAZON PAYMENTS EUROPE S.C.A."
  Assets:Checking:BankAustria                        -16.14 EUR
  Expenses:PersonalCare:Body                          16.14 EUR

2016-08-04 * "SPAR" ""
  comment: "POS           7,65 AT  K3   03.08. 17:56 O EUROSPAR DANKT 3774    MATTIGHOFEN   5230"
  Assets:Checking:BankAustria                         -7.65 EUR
  Expenses:Food:Groceries                              7.65 EUR

2016-08-04 * "Amazon" "HDMI Kabel, Office Set, Silikonkissen"
  comment: "SEPA-Lastschrift a/AMAZON PAYMENTS EUROPE S.C.A."
  Assets:Checking:BankAustria                        -31.77 EUR
  Expenses:Shopping:ElectronicsSoftware               31.77 EUR

2016-08-05 * "oekostrom GmbH" "Teilbetragsrechnung 07.2016" ^rent15-16
  comment: "SEPA-Lastschrift a/oekostrom GmbH"
  Assets:Checking:BankAustria                        -26.00 EUR
  Assets:Installments:Electricity


2016-08-06 T 
  comment: "AUTOMAT   00027293 K3   06.08. 21:28     O"
  Assets:Checking:BankAustria                        -90.00 EUR
  Assets:Cash:Wallet                                  90.00 EUR

2016-08-08 * "KIKO" ""
  comment: "POS          11,70 AT  K3   06.08. 16:30 O KIKO MARIAHILFERSTR CI WIEN          1070"
  Assets:Checking:BankAustria                        -11.70 EUR
  Expenses:PersonalCare:Body                          11.70 EUR

2016-08-08 * "Cineplexx" "Start Trek Beyond (★★☆☆☆)"
    comment: "typical forgettable fun"
  Assets:Checking:BankAustria                        -12.00 EUR
  Expenses:Fun:Movies                                 12.00 EUR

2016-08-08 * "Itali Moda" "Kleidung"
  comment: "ITALI MODA   0000  K3   06.08. 13:16     O"
  Assets:Checking:BankAustria                        -37.47 EUR
  Expenses:Shopping:Clothing                          37.47 EUR

2016-08-09 * "JET" ""
  Assets:Checking:BankAustria                        -21.87 EUR
  Liabilities:Debtors:Other                           21.87 EUR

2016-08-10 T 
  comment: "ATM          50,00 AT  K3   10.08. 17:42 O ATM S6EE0754           MUNDERFING    5222"
  Assets:Checking:BankAustria                        -50.00 EUR
  Assets:Cash:Wallet                                  50.00 EUR

2016-08-11 * "tele.ring" ""
  comment: "SEPA-Lastschrift a/Deutsche Telekom AG"
  Assets:Checking:BankAustria                        -10.80 EUR
  Expenses:Bills:MobilePhone                          10.80 EUR

2016-08-13 * "Netflix" "" #share-Phil-4  #share-DominicNetflix ^netflix16 ^netflix
  Assets:Virtual:PayPal                              -11.99 EUR
  Expenses:Fun:TV

2016-08-16 * "Linz Linien" ""
  Assets:Checking:BankAustria                         -4.40 EUR
  Expenses:Transportation:BusTram                      4.40 EUR

2016-08-16 T "Paypal" ""
  comment: "SEPA-Lastschrift a/PayPal Europe S.a.r.l. et Cie S.C.A"
  Assets:Checking:BankAustria                        -11.99 EUR
  Assets:Virtual:PayPal                               11.99 EUR

2016-08-18 T "Amazon" "Gutschrift: Reiseadapter"
  comment: "Gutschrift a/AMAZON EU S.A R.L., NIEDERLASSUNG DEUTSC"
  Assets:Checking:BankAustria                          4.94 EUR
  Liabilities:Organisations:Amazon                    -4.94 EUR

2016-08-18 * "JET" ""
  Assets:Checking:BankAustria                        -17.97 EUR
  Liabilities:Debtors:Other                           17.97 EUR

2016-08-18 * "BILLA" ""
  Assets:Checking:BankAustria                         -7.12 EUR
  Expenses:Food:Groceries                              7.12 EUR

2016-08-22 * "ÖBB" ""
  comment: "POS          68,40 AT  K3   20.08. 06:34 O OEBB TICKET            LINZ          4020"
  Assets:Checking:BankAustria                        -68.40 EUR
  Expenses:Travel:Transportation                      68.40 EUR

2016-08-22 * "SPAR" ""
  comment: "POS          20,02 AT  K3   19.08. 14:31 O EUROSPAR DANKT 3424    LINZ          4020"
  Assets:Checking:BankAustria                        -20.02 EUR
  Expenses:Food:Groceries                             20.02 EUR

2016-08-23 T 
  comment: "BANKOMAT  00002971 K3   23.08. 08:03     O"
  Assets:Checking:BankAustria                        -70.00 EUR
  Assets:Cash:Wallet                                  70.00 EUR

2016-08-23 * "Amazon" "Tastatur"
  comment: "SEPA-Lastschrift a/AMAZON EU S.A R.L., NIEDERLASSUNG DEUTSC"
  note: "wegen Lautstärke der alten ausgetauscht"
  Assets:Checking:BankAustria                        -16.63 EUR
  Expenses:Shopping:ElectronicsSoftware               16.63 EUR

2016-08-24 * "JET" ""
  Assets:Checking:BankAustria                        -17.74 EUR
  Liabilities:Debtors:Other                           17.74 EUR


2016-08-02 * "Audible" "Jim Butcher - Fool Moon (Dresden Files #2)"
    Assets:Virtual:AudibleCredits                        -1 AC
    Expenses:Fun:Books


2016-08-26 * "Audible" ""
  comment: "SEPA-Lastschrift a/AUDIBLE GMBH"
  Assets:Checking:BankAustria                         -9.95 EUR
  Assets:Virtual:AudibleCredits                           1 AC @@ 9.95 EUR

2016-08-26 * "Amazon" "The Coral CD (Dominic), WMF Kuchenset" #dominic
  comment: "SEPA-Lastschrift a/AMAZON EU S.A R.L., NIEDERLASSUNG DEUTSC"
  Assets:Checking:BankAustria                        -65.08 EUR
  Liabilities:Organisations:Amazon                    40.94 EUR ; Sandalen
  Expenses:Giving:Gifts                                9.07 EUR ; The Coral
  Expenses:Housing:Furnishing                         15.07 EUR


2016-08-27 * "Avocodo GmbH" "Bargeldausgleich für Tanken"
  Assets:Cash:Wallet                                  98.88 EUR
  Liabilities:Debtors:Other                          -98.88 EUR

2016-08-27 T
  comment: "AUTOMAT   07512234 K3   27.08. 10:41     O"
  Assets:Checking:BankAustria                        -50.00 EUR
  Assets:Cash:Wallet                                  50.00 EUR

2016-08-29 * "SPAR" ""
  comment: "POS          53,76 AT  K3   27.08. 11:02 O EUROSPAR DANKT 3424    LINZ          4020"
  Assets:Checking:BankAustria                        -53.76 EUR
  Expenses:Food:Groceries                             53.76 EUR

2016-08-29 * "Hofstätter" ""
  comment: "HOFSTAETTER  0000P K3   27.08. 11:13"
  Assets:Checking:BankAustria                        -23.90 EUR
  Expenses:Health:Pharmacy                            23.90 EUR

2016-08-30 * "Estimated Expenses" #estimate
  Assets:Cash:Wallet                                -360.00 EUR
  Expenses:Food:Groceries                                75 EUR
  Expenses:Food:EatingOut                                25 EUR
  Expenses:Misc:Cash


2016-09-01 balance Assets:Cash:Wallet                 98.88 EUR

2016-09-30 * "Estimated Expenses" #estimate
  Assets:Cash:Wallet                                -408.88 EUR
  Expenses:Food:Groceries                                75 EUR
  Expenses:Food:EatingOut                                25 EUR
  Expenses:Misc:Cash


2016-10-01 balance Assets:Cash:Wallet                     0 EUR

2016-09-01 * "Avocodo GmbH" "Lohn 08/2016" ^Income2016
  Income:Avocodo:Salary                            -3000.00 EUR
  Income:Avocodo:PerDiems                           -369.60 EUR
    memo: "Diäten (Mattighofen)"
  Assets:Checking:BankAustria                       2368.11 EUR
  Assets:Retirement:LifeInsurance                     25.00 EUR
  Expenses:Insurance:Health                          543.60 EUR
  Expenses:Taxes:Income                              432.89 EUR

2016-09-01 * "Dominic Amann" "" ^rent15-16
  comment: "DA-NR.: 00002683049 zG/ Dominic Amann"
  Assets:Checking:BankAustria                       -435.00 EUR
  Liabilities:Debtors:DominicRentContrib:Received

2016-09-02 T
  comment: "AUTOMAT   00069715 K3   02.09. 18:52     O"
  Assets:Checking:BankAustria                       -110.00 EUR
  Assets:Cash:Wallet                                 110.00 EUR

2016-09-02 * "ÖBB" ""
  comment: "Online-Auftrag vom 02.09. zG/ OEBB-Personenverkehr  AG, Am Ha uptbahnhof 2  1100 Wien"
  Assets:Checking:BankAustria                        -74.40 EUR
  Expenses:Travel:Transportation                      74.40 EUR

2016-09-02 * "BILLA" ""
  Assets:Checking:BankAustria                        -11.37 EUR
  Expenses:Food:Groceries                             11.37 EUR

2016-09-05 * "oekostrom GmbH" "Teilbetragsrechnung 08.2016" ^rent15-16
  comment: "SEPA-Lastschrift a/oekostrom GmbH"
  Assets:Checking:BankAustria                        -26.00 EUR
  Assets:Installments:Electricity                     26.00 EUR

2016-09-06 * "Hervis" ""
  comment: "POS         104,98 AT  K3   05.09. 15:48 O Hervis Fil.308101500   Feldkirch     6800"
  Assets:Checking:BankAustria                       -104.98 EUR
  Expenses:Shopping:SportingGoods                    104.98 EUR

2016-09-06 * "Linz Linien" ""
  Assets:Checking:BankAustria                         -2.20 EUR
  Expenses:Transportation:BusTram                      2.20 EUR

2016-09-06 * "BILLA" ""
  Assets:Checking:BankAustria                        -38.84 EUR
  Expenses:Food:Groceries                             38.84 EUR

2016-09-09 T 
  comment: "AUTOMAT   00002282 K3   09.09. 20:00     O"
  Assets:Checking:BankAustria                        -60.00 EUR
  Assets:Cash:Wallet                                  60.00 EUR

2016-09-13 * "Netflix" "" #share-Phil-4  #share-DominicNetflix ^netflix16 ^netflix
  Assets:Virtual:PayPal                              -11.99 EUR
  Expenses:Fun:TV

2016-09-14 * "XXXLutz" ""
  comment: "POS          78,76 AT  K3   13.09. 14:36 O XXXLutz 8207           Linz          4020"
  Assets:Checking:BankAustria                        -78.76 EUR
  Expenses:Housing:Furnishing                         78.76 EUR

2016-09-14 * "Lebensmittel"
  comment: "POS          19,08 AT  K3   12.09. 15:01"
  Assets:Checking:BankAustria                        -19.08 EUR
  Expenses:Food:Groceries                             19.08 EUR

2016-09-14 T "Paypal" ""
  comment: "SEPA-Lastschrift a/PayPal Europe S.a.r.l. et Cie S.C.A"
  Assets:Checking:BankAustria                        -11.99 EUR
  Assets:Virtual:PayPal                               11.99 EUR

2016-09-15 * "tele.ring" ""
  comment: "SEPA-Lastschrift a/Deutsche Telekom AG"
  Assets:Checking:BankAustria                        -12.40 EUR
  Expenses:Bills:MobilePhone                          12.40 EUR

2016-09-16 * "Lebensmittel"
  comment: "POS          14,37 AT  K3   14.09. 17:03"
  Assets:Checking:BankAustria                        -14.37 EUR
  Expenses:Food:Groceries                             14.37 EUR

2016-09-19 * "BILLA" ""
  Assets:Checking:BankAustria                        -11.07 EUR
  Expenses:Food:Groceries                             11.07 EUR

2016-09-21 T 
  comment: "ATM          80,00 AT  K3   21.09. 18:15 O ATM S6EE0065           MATTIGHOFEN   5230"
  Assets:Checking:BankAustria                        -80.00 EUR
  Assets:Cash:Wallet                                  80.00 EUR

2016-09-26 * "BILLA" ""
  Assets:Checking:BankAustria                        -31.56 EUR
  Expenses:Food:Groceries                             31.56 EUR

2016-09-26 * "Lebensmittel"
  comment: "POS          23,75 AT  K3   23.09. 14:40"
  Assets:Checking:BankAustria                        -23.75 EUR
  Expenses:Food:Groceries                             23.75 EUR

2016-09-26 T "Amazon" "Gutschrift Sandalen"
  comment: "Gutschrift a/AMAZON EU S.A R.L., NIEDERLASSUNG DEUTSC"
  Assets:Checking:BankAustria                         40.94 EUR
  Liabilities:Organisations:Amazon                   -40.94 EUR

2016-09-29 T 
  comment: "BANKOMAT  00004931 K3   29.09. 11:51     O"
  Assets:Checking:BankAustria                        -60.00 EUR
  Assets:Cash:Wallet                                  60.00 EUR

2016-09-30 * "25,00 % KESt"
  Assets:Checking:BankAustria                         -1.28 EUR
  Expenses:Taxes:Capital                               1.28 EUR

2016-09-30 * "PORTO"
  Assets:Checking:BankAustria                         -1.00 EUR
  Expenses:Misc:FinancialExpenses                      1.00 EUR

2016-09-30 * "HABENZINSEN"
  Assets:Checking:BankAustria                          5.13 EUR
  Income:InvestmentIncome:Interest                    -5.13 EUR

2016-10-03 * "Saturn" "Tablet Samsung A1"
  comment: "POS         254,90 AT  K3   01.10. 11:47 O SATURN 4020            Linz          4020"
  Assets:Checking:BankAustria                       -254.90 EUR
  Expenses:Shopping:ElectronicsSoftware              254.90 EUR

2016-10-03 * "Avocodo GmbH" "Lohn 09/2016" ^Income2016
  Assets:Checking:BankAustria                       2447.31 EUR
  Assets:Retirement:LifeInsurance                        25 EUR
  Expenses:Insurance:Health                          543.60 EUR
  Expenses:Taxes:Income                              432.89 EUR
  Income:Avocodo:Salary                            -3000.00 EUR
  Income:Avocodo:PerDiems                           -448.80 EUR
    memo: "Diäten (Mattighofen)"

2016-10-03 * "Dominic Amann" "" ^rent15-16
  comment: "DA-NR.: 00002683049 zG/ Dominic Amann"
  Assets:Checking:BankAustria                       -435.00 EUR
  Liabilities:Debtors:DominicRentContrib:Received

2016-10-03 * "Amazon" "NAS" #shared
  Assets:Checking:BankAustria                       -236.25 EUR
  Liabilities:Debtors:Dominic                        115.00 EUR
  Expenses:Shopping:ElectronicsSoftware

2016-10-04 * "Dominic Amann" "Split Amount for NAS" #shared
  comment: "Gutschrift a/Dominic Christian Amann - Split Amount for NAS"
  Assets:Checking:BankAustria                        115.00 EUR
  Liabilities:Debtors:Dominic                       -115.00 EUR

2016-10-04 * "Amazon" "Xiaomi Mi Band 1S, Waage"
  comment: "SEPA-Lastschrift a/AMAZON PAYMENTS EUROPE S.C.A."
  Assets:Checking:BankAustria                        -56.93 EUR
  Expenses:Shopping:SportingGoods                     18.20 EUR ; mi band
  Expenses:PersonalCare:Body                          24.78 EUR ; waage
  Expenses:PersonalCare:Body                          13.95 EUR ; Kintex Physiotape Pflaster

2016-10-05 * "oekostrom GmbH" "Teilbetragsrechnung 09.2016" ^rent15-16
  comment: "SEPA-Lastschrift a/oekostrom GmbH"
  Assets:Checking:BankAustria                        -26.00 EUR
  Assets:Installments:Electricity                     26.00 EUR

2016-10-05 * "Amazon" "Festplatten für NAS" #shared
  Assets:Checking:BankAustria                       -226.51 EUR
  Expenses:Shopping:ElectronicsSoftware 226.51/2 EUR
  Liabilities:Debtors:Dominic 226.51/2 EUR

; for some reason, this does not work, even though it should be functionally equivalent. 
;2016-10-05 * "Amazon" "Festplatten für NAS" #share-Dominic
;  Assets:Checking:BankAustria                       -226.51 EUR
;  Expenses:Shopping:ElectronicsSoftware



2016-10-06 * "Amazon" "Displayschutz für Tablet"
  comment: "SEPA-Lastschrift a/AMAZON PAYMENTS EUROPE S.C.A."
  Assets:Checking:BankAustria                        -14.56 EUR
  Expenses:Shopping:ElectronicsSoftware               14.56 EUR

2016-10-10 * "Amazon" "Tablet Hülle, MicroSD Karte, BH"
  comment: "SEPA-Lastschrift a/AMAZON PAYMENTS EUROPE S.C.A."
  Assets:Checking:BankAustria                        -58.41 EUR
  Expenses:Shopping:Clothing                          27.37 EUR ; BH
  Expenses:Shopping:ElectronicsSoftware               12.90 EUR ; Hülle
  Expenses:Shopping:ElectronicsSoftware               18.14 EUR ; MicroSD

2016-10-13 * "Netflix" "" #share-Phil-4 #share-DominicNetflix ^netflix16 ^netflix
  Assets:Virtual:PayPal                              -11.99 EUR
  Expenses:Fun:TV

2016-10-14 T 
  comment: "BANKOMAT  00005821 K3   14.10. 19:43     O"
  Assets:Checking:BankAustria                        -70.00 EUR
  Assets:Cash:Wallet                                  70.00 EUR

2016-10-14 T "Paypal" ""
  comment: "SEPA-Lastschrift a/PayPal Europe S.a.r.l. et Cie S.C.A"
  Assets:Checking:BankAustria                        -11.99 EUR
  Assets:Virtual:PayPal                               11.99 EUR

2016-10-17 * "H&M" ""
  comment: "POS          58,46 AT  K3   15.10. 12:12 O H&M Linz Tuchlauben    Linz          4020"
  Assets:Checking:BankAustria                        -58.46 EUR
  Expenses:Shopping:Clothing                          58.46 EUR

2016-10-17 * "tele.ring" ""
  comment: "SEPA-Lastschrift a/Deutsche Telekom AG"
  Assets:Checking:BankAustria                        -11.50 EUR
  Expenses:Bills:MobilePhone                          11.50 EUR

2016-10-18 * "BILLA" ""
  Assets:Checking:BankAustria                         -9.19 EUR
  Expenses:Food:Groceries                              9.19 EUR

2016-10-20 * "BILLA" ""
  Assets:Checking:BankAustria                         -8.36 EUR
  Expenses:Food:Groceries                              8.36 EUR

2016-10-21 * "Dominic Amann" "IKEA" #guess
  comment: "Online-Auftrag vom 21.10. zG/ Dominic Amann"
  Assets:Checking:BankAustria                       -100.00 EUR
  Liabilities:Debtors:Dominic                        100.00 EUR


2016-10-24 * "BILLA" ""
  Assets:Checking:BankAustria                        -10.92 EUR
  Expenses:Food:Groceries                             10.92 EUR

2016-10-25 T 
  comment: "AUTOMAT   00041513 K3   25.10. 07:46     O"
  Assets:Checking:BankAustria                        -70.00 EUR
  Assets:Cash:Wallet                                  70.00 EUR

2016-10-29 T 
  comment: "AUTOMAT   00069715 K3   29.10. 18:19     O"
  Assets:Checking:BankAustria                        -50.00 EUR
  Assets:Cash:Wallet                                  50.00 EUR

2016-10-29 T 
  comment: "AUTOMAT   07512234 K3   29.10. 12:56     O"
  Assets:Checking:BankAustria                        -50.00 EUR
  Assets:Cash:Wallet                                  50.00 EUR

2016-10-31 T 
  Assets:Checking:BankAustria                       -300.00 EUR
  Assets:Cash:Wallet                                 300.00 EUR

2016-10-31 * "Linz Linien" "Job-Ticket (Jahreskarte)"
  Assets:Cash:Wallet                                -265.00 EUR
  Liabilities:Organisations:LinzLinien               265.00 EUR ; to ensure correct monthly reporting

2016-11-01 * "Linz Linien" "Jahreskarte"
  Liabilities:Organisations:LinzLinien                -26.5 EUR
  Expenses:Transportation:BusTram

2016-12-01 * "Linz Linien" "Jahreskarte"
  Liabilities:Organisations:LinzLinien                -26.5 EUR
  Expenses:Transportation:BusTram

2017-01-01 * "Linz Linien" "Job-Ticket (Jahreskarte) (übertrag)"
  Liabilities:Organisations:LinzLinien                -26.5 EUR
  Expenses:Transportation:BusTram

2017-02-01 * "Linz Linien" "Job-Ticket (Jahreskarte) (übertrag)"
  Liabilities:Organisations:LinzLinien                -26.5 EUR
  Expenses:Transportation:BusTram

2017-03-01 * "Linz Linien" "Job-Ticket (Jahreskarte) (übertrag)"
  Liabilities:Organisations:LinzLinien                -26.5 EUR
  Expenses:Transportation:BusTram

2017-04-01 * "Linz Linien" "Job-Ticket (Jahreskarte) (übertrag)"
  Liabilities:Organisations:LinzLinien                -26.5 EUR
  Expenses:Transportation:BusTram

2017-05-01 * "Linz Linien" "Job-Ticket (Jahreskarte) (übertrag)"
  Liabilities:Organisations:LinzLinien                -26.5 EUR
  Expenses:Transportation:BusTram

2017-06-01 * "Linz Linien" "Job-Ticket (Jahreskarte) (übertrag)"
  Liabilities:Organisations:LinzLinien                -26.5 EUR
  Expenses:Transportation:BusTram

2017-07-01 * "Linz Linien" "Job-Ticket (Jahreskarte) (übertrag)"
  Liabilities:Organisations:LinzLinien                -26.5 EUR
  Expenses:Transportation:BusTram

2017-08-01 * "Linz Linien" "Job-Ticket (Jahreskarte) (übertrag)"
  Liabilities:Organisations:LinzLinien                -26.5 EUR
  Expenses:Transportation:BusTram

2017-09-01 balance Liabilities:Organisations:LinzLinien  0.0 EUR

2016-10-30 ! "Dominic Amann" "unknown furnishing costs" #estimate
    Expenses:Housing:Furnishing
    Liabilities:Debtors:Dominic -410+78.05 EUR



; 2016-10-31 * "Dominic Amann" "Ausgleich" #unknown
;     Liabilities:Debtors:Dominic                              78.065 EUR
;     Liabilities:Debtors:DominicRentContrib:Paid                      -78.065 EUR

; 2016-10-31 ! "Dominic Amann" "Unknown (Furnishing, Rent?)" ^rent15-16
;     Liabilities:Debtors:Dominic -410+78.065 EUR
;     Liabilities:Debtors:DominicRentContrib:Paid

2016-10-30 pad Liabilities:Debtors:Dominic Expenses:Housing:Furnishing

2016-11-01 balance Liabilities:Debtors:Dominic       0.0000 EUR



2016-10-31 * "Estimated expenses" #estimate
  Assets:Cash:Wallet                                   -275 EUR
  Expenses:Food:Groceries                               175 EUR
  Expenses:Food:EatingOut                                25 EUR
  Expenses:Misc:Cash

2016-11-30 * "Estimated expenses" #estimate
    Assets:Cash:Wallet                                 -165 EUR
    Expenses:Food:Groceries                              75 EUR
    Expenses:Food:EatingOut                              25 EUR
    Expenses:Misc:Cash

2016-12-01 balance Assets:Cash:Wallet                     0 EUR

2016-11-02 * "Avocodo GmbH" "Lohn 10/2016" ^Income2016
  statement: "2016-11-02_2016_10_Lohnzettel_Getzner_Elisabeth.PDF"
  Income:Avocodo:Salary                            -3000.00 EUR
  Income:Avocodo:PerDiems                           -132.00 EUR
    memo: "Diäten (Mattighofen)"
  Assets:Checking:BankAustria                       2130.51 EUR
  Assets:Retirement:LifeInsurance                        25 EUR
  Expenses:Insurance:Health                          543.60 EUR
  Expenses:Taxes:Income                              432.89 EUR

2016-11-02 * "Dominic Amann" "" ^rent15-16
  comment: "DA-NR.: 00002683049 zG/ Dominic Amann"
  Assets:Checking:BankAustria                       -435.00 EUR
  Liabilities:Debtors:DominicRentContrib:Received

2016-11-02 * "Amazon" "The Deep End of the Sea  (★★★★★)"
  comment: "SEPA-Lastschrift a/AMAZON MEDIA EU SARL"
  note: "Medusa retold, I really liked it"
  Assets:Checking:BankAustria                         -3.62 EUR
  Expenses:Fun:Books                                   3.62 EUR

2016-11-04 * "ÖBB" ""
  comment: "POS          68,40 AT  K3   03.11. 16:28 O OEBB TICKET            LINZ          4020"
  Assets:Checking:BankAustria                        -68.40 EUR
  Expenses:Travel:Transportation                      68.40 EUR

2016-11-04 * "Amazon" "Any Duchess Will Do (Spindle Cove #4)"
  comment: "SEPA-Lastschrift a/AMAZON MEDIA EU SARL"
  Assets:Checking:BankAustria                         -4.29 EUR
  Expenses:Fun:Books                                   4.29 EUR

2016-11-07 * "oekostrom GmbH" "Teilbetragsrechnung 10.2016" ^rent15-16
  comment: "SEPA-Lastschrift a/oekostrom GmbH"
  Assets:Checking:BankAustria                        -26.00 EUR
  Assets:Installments:Electricity

2016-11-08 T 
  comment: "AUTOMAT   07512234 K3   08.11. 18:43     O"
  Assets:Checking:BankAustria                        -70.00 EUR
  Assets:Cash:Wallet                                  70.00 EUR

2016-11-09 * "Lebensmittel"
  Assets:Checking:BankAustria                        -16.79 EUR
  Expenses:Food:Groceries                             16.79 EUR

2016-11-11 * "Getzner, Mutter & Cie." "Anteile wurden verkleinert"
  comment: "Gutschrift a/Getzner, Mutter  Cie. Gesellschaft m.b.H"
  Assets:Checking:BankAustria                       1913.98 EUR
  Income:Getzner:Shares                            -1913.98 EUR



2016-11-11 * "Amazon" "A Lady by Midnight (Spindle Cove #3)"
  comment: "SEPA-Lastschrift a/AMAZON MEDIA EU SARL"
  Assets:Checking:BankAustria                         -5.79 EUR
  Expenses:Fun:Books                                   5.79 EUR

2016-11-12 T 
  comment: "AUTOMAT   00062085 K3   12.11. 14:40     O"
  Assets:Checking:BankAustria                        -50.00 EUR
  Assets:Cash:Wallet                                  50.00 EUR

2016-11-13 * "Netflix" ""  #share-Phil-4 #share-DominicNetflix ^netflix16 ^netflix
  Assets:Virtual:PayPal                              -11.99 EUR
  Expenses:Fun:TV

2016-11-15 * "Amazon" "A Night to Surrender (Spindle Cove #1)"
  comment: "SEPA-Lastschrift a/AMAZON MEDIA EU SARL"
  Assets:Checking:BankAustria                         -5.79 EUR
  Expenses:Fun:Books                                   5.79 EUR

2016-11-16 T "Paypal" ""
  comment: "SEPA-Lastschrift a/PayPal Europe S.a.r.l. et Cie S.C.A"
  Assets:Checking:BankAustria                        -11.99 EUR
  Assets:Virtual:PayPal                               11.99 EUR

2016-11-17 T 
  comment: "ATM          60,00 AT  K3   17.11. 13:08 O ATM S6EE5089           LINZ          4020"
  Assets:Checking:BankAustria                        -60.00 EUR
  Assets:Cash:Wallet                                  60.00 EUR

2016-11-17 * "tele.ring" ""
  comment: "SEPA-Lastschrift a/Deutsche Telekom AG"
  Assets:Checking:BankAustria                        -11.81 EUR
  Expenses:Bills:MobilePhone                          11.81 EUR

2016-11-21 * "SPAR" ""
  comment: "POS          50,73 AT  K3   19.11. 12:35 O EUROSPAR DANKT 3424    LINZ          4020"
  Assets:Checking:BankAustria                        -50.73 EUR
  Expenses:Food:Groceries                             50.73 EUR

2016-11-24 * "BILLA" ""
  Assets:Checking:BankAustria                         -8.56 EUR
  Expenses:Food:Groceries                              8.56 EUR

2016-11-28 * "SPAR" ""
  comment: "POS          31,06 AT  K3   26.11. 12:42 O EUROSPAR DANKT 3424    LINZ          4020"
  Assets:Checking:BankAustria                        -31.06 EUR
  Expenses:Food:Groceries                             31.06 EUR

2016-11-28 * "Lillywhites" ""
  comment: "SPORTS 4020  0802P K3   26.11. 12:00"
  Assets:Checking:BankAustria                        -26.00 EUR
  Expenses:Shopping:SportingGoods                     26.00 EUR

2016-11-29 * "Audible" "Tessa Dare - A Week to Be Wicked"
  comment: "bought by accident in addition to Kindle version"
  Assets:Checking:BankAustria                         -9.95 EUR
  Expenses:Fun:Books                                   9.95 EUR

2016-11-29 * "Amazon" "A Week to Be Wicked (Spindle Cove #2)"
  Assets:Checking:BankAustria                         -5.79 EUR
  Expenses:Fun:Books                                   5.79 EUR

2016-12-01 * "Lebensmittel"
  Assets:Checking:BankAustria                        -17.50 EUR
  Expenses:Food:Groceries                             17.50 EUR

2016-12-01 * "Avocodo GmbH" "Lohn 11/2016 + Weihnachtsgeld" ^Income2016
  statement: "2016-12-01_2016_11_Lohnzettel_Getzner_Elisabeth.PDF"
  Income:Avocodo:Salary                            -3000.00 EUR
  Income:Avocodo:Salary                            -2631.15 EUR
  Income:Avocodo:PerDiems                           -105.60 EUR
  Assets:Checking:BankAustria                       4127.41 EUR
  Assets:Retirement:LifeInsurance                     25.00 EUR
